3024 4944
342 361 385 410 188
441 362 695 415 FRAGMENTA
718 363 956 416 ORATIONUM
981 363 1303 414 usrnufflrsnunt

377 482 429 543 38.
445 482 543 542 Venio
556 501 637 542 nunc
646 483 683 542 ad
697 490 805 553 testes,
822 484 976 561 inquibus
991 483 1103 544 docebo
1118 500 1177 542 nou
1186 481 1274 542 modo
1287 480 1402 542 nullam

335 589 427 648 fldem
447 589 718 668 etauctoritatem,
740 591 794 650 sed
817 610 854 651 ne
877 591 1009 669 speciem
1027 589 1150 666 quidem
1170 605 1238 648 esse
1255 590 1309 648 aut
1326 587 1403 650 ima·

334 697 439 773 ginam
447 697 585 759 testium.
597 698 818 759 Etenimfidem
827 699 961 776 primum
975 699 1042 775 ipsa
1052 697 1136 758 tollit
1149 694 1321 769 consensio,
1336 711 1401 771 quae

333 805 486 882 patefacta
502 804 512 841 ¹
530 810 580 866 est
601 805 820 882 compromisso
842 806 1010 867 Sardorum
1029 811 1060 865 ct
1083 803 1294 883 conjuratione
1320 803 1404 864 reci-

333 915 397 972 tata
412 913 439 990 ¹3
455 911 566 973 deinde
585 913 640 972 illa
656 913 820 992 cupiditas,
843 933 911 992 quae
924 920 1066 992 suscepta
1079 920 1127 974 est
1147 931 1201 990 spe
1218 919 1249 972 et
1267 911 1403 989 promis-

331 1020 417 1081 sione
429 1018 644 1097 praemiorum
661 1027 815 1098 postremo
824 1022 891 1099 ipsa
901 1022 996 1096 natio,
1011 1025 1100 1101 qu'us
1109 1025 1196 1081 11111
1204 1020 1328 1080 vanitas
1343 1025 1400 1091 est,

329 1132 364 1187 ut
376 1128 552 1188 libertatem
574 1146 593 1187 a
611 1125 762 1187 servitute
786 1127 871 1186 nulla
888 1143 924 1186 re
941 1125 1003 1188 ulia
1021 1125 1083 1185 nisi
1096 1122 1263 1190 mentiendi
1276 1121 1402 1184 licentia

328 1233 578 1313 distinguendam
592 1238 712 1312 putent.

366 1341 418 1403 39.
440 1342 548 1418 Neque
568 1357 625 1419 ego
651 1341 724 1400 dico
749 1339 918 1400 Sardorum
937 1335 1072 1416 querelis
1096 1335 1216 1398 moveri
1230 1353 1285 1396 uos
1310 1352 1402 1395 num-

326 1467 416 1526 quam
430 1453 584 1526 oportere.
599 1447 670 1509 Non
681 1464 749 1507 sum
763 1452 893 1507 nuttam
904 1445 1089 1506 inhumanus
1103 1449 1157 1504 aut
1169 1450 1233 1504 tam
1246 1441 1369 1504 alienus
1384 1460 1403 1502 a

325 1546 443 1622 Sardis,
459 1545 633 1624 praesertim
653 1563 746 1621 quum
760 1544 857 1604 frater
878 1561 964 1605 meus
986 1561 1084 1621 nuper
1099 1544 1137 1603 ab
1151 1541 1201 1602 his
1216 1539 1399 1617 decesserit,

324 1672 417 1730 quum
437 1654 485 1714 rei
505 1652 716 1716 frumentariae
739 1654 795 1714 Cu.
821 1651 959 1734 Pompeii
977 1651 1074 1712 missu
1085 1649 1260 1728 praefuisset
1276 1668 1283 1708 :
1301 1647 1354 1725 qui
1370 1654 1401 1707 et

323 1761 389 1838 ipse
407 1761 472 1822 illis
491 1779 547 1838 pro
562 1777 618 1822 sua
630 1759 691 1820 fide
705 1765 736 1820 et
754 1759 945 1822 humanitate
959 1759 1125 1829 consuluit,
1146 1763 1178 1817 et
1199 1755 1244 1816 eis
1257 1754 1400 1818 vicissim

322 1883 467 1945 percarus
480 1874 512 1928 et
523 1867 679 1946 jucundus
691 1865 761 1929 fuit.

360 1975 411 2036 40.
433 1976 545 2036 Pateat
554 1990 630 2036 vero
638 1974 696 2034 hoc
709 1973 886 2051 perfugium
894 1972 1005 2050 dolori,
1017 1976 1121 2050 pateat
1131 1971 1226 2052 justis
1241 1969 1397 2047 querelis3

320 2080 525 2161 conjurationi
539 2081 591 2140 via
605 2080 842 2151 intercludatur,
859 2078 1047 2158 obsaepiatur
1060 2079 1199 2157 insidiis3
1225 2095 1323 2155 neque
1337 2077 1399 2140 hoc

319 2189 351 2248 in
376 2187 482 2248 Sardis
501 2187 601 2266 magis
616 2204 706 2264 quam
729 2186 761 2246 in
776 2187 886 2256 Gallis,
907 2187 940 2246 in
957 2185 1053 2263 Afris,
1071 2186 1104 2244 in
1118 2185 1276 2263 Hispanis.
1296 2187 1400 2246 Dam-

320 2300 408 2354 natus
423 2299 470 2354 est
485 2294 522 2354 Τ.
537 2293 696 2365 Albucius,
715 2294 750 2354 G.
766 2293 1003 2372 Megabocchus,
1023 2310 1062 2352 ex
1075 2292 1219 2352 Sardinia
1237 2293 1398 2353 nonnullis
1426 2291 1441 2310 ⁶

318 2402 409 2462 etiam
433 2401 629 2462 laudantibus
652 2401 769 2463 Sardis.
799 2403 845 2461 lta
871 2401 963 2462 fidem
987 2403 1135 2480 majorem
1163 2400 1299 2478 varietas
1326 2400 1397 2478 ipsa

317 2509 457 2571 faciebat.
479 2509 620 2570 Testibus
634 2511 717 2572 enim
729 2509 837 2587 aequis,
857 2509 971 2570 1111111
986 2507 1175 2586 incorruptis
1197 2509 1394 2569 tenebantur.

356 2618 406 2678 41.
430 2617 460 2678 N
463 2635 522 2676 unc
537 2622 585 2676 est
598 2635 659 2676 una
673 2629 754 2694 'vox,
771 2634 832 2679 una
845 2635 945 2691 mens,
969 2633 1028 2676 non
1041 2633 1191 2693 expressa
1204 2616 1321 2686 dolore,
1338 2616 1394 2676 sed

317 2725 471 2802 simulata,
487 2741 585 2801 neque
603 2724 697 2803 hujus
718 2724 843 2804 injuriis
867 2725 921 2785 sed
943 2722 1105 2802 promissis
1119 2722 1252 2784 aliorum
1265 2727 1295 2782 ct
1309 2740 1396 2800 prae·

315 2833 386 2893 miis
400 2831 544 2892 excitata.
561 2865 599 2876 -
614 2834 657 2892 At
677 2833 829 2894 creditum
842 2832 1063 2909 estaliquando
1079 2831 1254 2892 Sardis-
1269 2832 1311 2892 Et
1324 2829 1394 2890 ior-

318 2945 397 3002 tasse
412 2938 555 3020 credetur
570 2939 746 3015 aliquando,
772 2937 798 2998 si
820 2938 935 3016 integri
948 2938 1102 3010 venerint,
1124 2939 1152 3000 si
1164 2937 1346 3015 incorrupti,
1363 2939 1392 2998 si

316 3064 371 3114 sna
389 3051 507 3122 sponte,
526 3043 627 3106 sinon
642 3047 774 3124 alicujus
789 3046 936 3124 impulsu,
950 3066 977 3106 si
969 3046 1133 3122 Msoluti,
1109 3065 1135 3106 sn
1150 3046 1253 3107 liberi.
1272 3047 1346 3118 Quae
1363 3029 1393 3104 si

315 3156 416 3220 crunt,
432 3149 519 3212 tum²
534 3151 594 3216 1ι1ι
604 3152 688 3212 cred1
703 3153 857 3230 gaudeant
866 3159 897 3212 et
911 3153 1071 3215 mirentur.
1092 3155 1192 3225 Quum
1201 3171 1277 3214 uero
1286 3171 1390 3213 omma

315 3258 426 3334 absint,
450 3263 551 3318 tamen
572 3277 604 3318 ae
619 3277 678 3320 nou
702 3259 886 3338 respicient?
902 3261 972 3321 Non
992 3261 1094 3338 gentis
1112 3279 1175 3322 sum
1189 3261 1303 3324 famam
1315 3279 1390 3338 per-

314 3367 516 3428 horresceutt

354 3473 409 3534 12.Δ
428 3473 677 3534 Fallacissimum
693 3491 790 3551 genus
800 3491 870 3536 esse
878 3475 1060 3536 Phoenicum
1075 3477 1178 3536 omnia
1190 3481 1388 3537 monumenta

313 3579 479 3642 vetustatis
498 3586 589 3656 atque
601 3599 704 3641 omnes
718 3581 857 3642 historiae
872 3581 959 3642 uobis
973 3582 1187 3659 prodiderunt.
1205 3585 1252 3644 Ab
1263 3583 1312 3644 111
1324 3583 1386 3642 orti

313 3685 405 3748 Poeni
425 3685 531 3748 multis
554 3686 855 3764 Carthaginiensium
877 3688 1105 3770 rebellionibus,
1128 3690 1234 3750 multis
1258 3689 1386 3750 violatis

313 3794 481 3871 fractisque
490 3794 654 3854 foederibus
668 3796 747 3857 nibil
762 3815 795 3858 se
810 3799 1014 3876 degenerasse
1025 3799 1206 3870 docuerunt.
1224 3797 1383 3868 APceuis,

313 3899 448 3959 admixto
462 3899 605 3960 Afrorum
616 3918 740 3977 genere,
754 3901 844 3962 Sardi
856 3921 913 3962 nou
929 3904 1051 3964 deducti
1062 3905 1095 3963 in
1111 3903 1284 3965 Sardiniam
1292 3910 1384 3981 atque

312 4005 356 4065 ibi
370 4007 540 4081 constituti,
555 4007 607 4068 sed
623 4009 776 4069 amandati
791 4015 821 4069 ct
833 4011 986 4086 repudiati
999 4010 1111 4072 coloni.

341 4180 351 4215 ί
368 4179 401 4221 lte
414 4183 477 4222 reete
489 4175 547 4232 legit
558 4184 626 4234 atque
637 4178 708 4223 edidit
721 4181 843 4224 Amadasse
856 4183 953 4237 Peyron.

340 4250 351 4284 ²
368 4252 400 4293 lta
411 4250 481 4292 ruello
497 4285 501 4294 .
512 4255 536 4292 ut
549 4251 637 4304 opinor,
650 4250 797 4296 llenrichius.
