3044 4938
305 328 336 378 60
425 327 473 377 Db}
494 329 707 384 CICERONIS
727 332 963 386 ORATIONUM
983 334 1248 389 FRAGMENTIS

304 467 383 517 mox
397 455 548 521 notatam
563 473 600 522 se
615 449 813 521 discrimine
828 449 920 520 sedis
934 474 1004 522 non
1017 475 1117 546 aequo
1132 454 1253 526 animo
1268 459 1364 548 tulit,

303 569 337 636 et
363 563 578 640 occasionem
599 564 859 658 aucupabatur,
885 589 953 661 qua
976 566 1091 661 palam
1114 577 1221 663 atque
1240 584 1365 666 aperte

302 700 425 752 sensus
438 682 544 754 animi
557 681 712 754 indicare
722 689 850 775 posset.
864 681 999 776 ltaque,
1013 680 1163 776 quadam
1173 683 1244 773 die,
1258 711 1368 782 quum

300 793 445 868 Roscius
465 799 553 872 Otho
576 797 613 868 in
634 797 808 869 theatrum
828 793 1002 884 venisset,
1023 818 1044 868 a
1062 797 1166 891 plebe
1183 803 1365 895 convicio,

299 912 509 987 clamoribus
522 927 556 988 et
571 916 685 989 sibilis
699 925 864 1011 exceptus
874 926 939 1010 est,
952 916 1035 988 dum
1050 920 1186 1012 equites
1197 921 1364 1010 Romani,

298 1029 355 1128 qui
378 1035 475 1124 quasi
498 1035 591 1129 juris
617 1033 788 1130 equestris
810 1043 1109 1130 propugnatorem
1128 1036 1363 1125 adamabant,

297 1145 545 1244 approbatione
565 1159 599 1225 et
620 1148 800 1246 plausibus
822 1149 921 1221 illum
940 1150 1255 1246 prosequebantur.
1278 1152 1364 1225 Inde

296 1269 470 1336 certamen
489 1266 636 1355 irarum,
654 1272 758 1358 atque
776 1264 862 1337 adeo
876 1265 981 1336 animi
999 1265 1156 1338 omnium
1174 1266 1360 1358 ardebant,

296 1389 335 1454 ut
350 1378 407 1452 vix
426 1391 573 1478 utraque
588 1403 670 1477 pars
686 1379 845 1452 manibus
856 1389 1078 1475 temperaret.
1092 1380 1202 1475 Cujus
1212 1383 1362 1475 periculi

295 1495 423 1570 certior
441 1497 568 1585 factus
587 1495 720 1588 consul,
740 1495 778 1566 in
797 1496 947 1568 medium
967 1496 1171 1591 procedens,
1195 1499 1362 1592 populum

296 1614 341 1689 ad
357 1613 512 1688 Bellonae
536 1613 701 1709 templum
720 1612 936 1704 convocavit,
959 1614 1070 1686 verba
1090 1612 1201 1686 ibide
1221 1614 1288 1687 hoc
1306 1626 1361 1689 tu·

296 1730 407 1804 multu
426 1731 594 1804 dicturus.
613 1727 654 1798 ln
673 1726 738 1800 hac
753 1737 869 1801 autem
887 1728 1116 1824 extemporali
1134 1731 1308 1822 oratione,
1333 1731 1362 1802 si

295 1846 409 1922 Plinio
437 1841 588 1942 majori¹
612 1843 807 1934 credamus,
829 1844 990 1917 omnibus
1011 1843 1148 1916 dicendi
1169 1845 1362 1919 virtutibus

295 1963 419 2037 Cicero
444 1960 610 2035 excelluit
618 1983 628 2051 ;
647 1981 740 2048 acer,
763 1960 939 2048 incensus,
964 1983 1089 2053 agens,
1114 1983 1265 2034 canorus
1280 1961 1360 2048 fuit,

296 2077 388 2178 quod
415 2073 579 2176 quidem²
603 2099 793 2150 concursus
817 2078 998 2172 hominurn
1021 2075 1212 2167 desiderat,
1235 2078 1286 2151 ita
1309 2087 1358 2166 ut,

296 2193 504 2267 omnimodo
519 2191 655 2266 animos
670 2192 918 2286 permovendo,
940 2213 1050 2264 novas
1065 2192 1249 2287 opiniones
1262 2195 1362 2266 inse-

298 2333 400 2400 rere,
424 2309 580 2382 evellere
604 2306 729 2380 insitas
754 2306 929 2399 valuerit,
956 2329 1060 2402 quum
1085 2306 1204 2399 plebs,
1230 2307 1291 2378 uhi
1320 2307 1365 2379 ad

298 2424 496 2520 spectacula
515 2423 630 2511 rediit,
653 2446 722 2494 non
745 2422 963 2495 contumeliis
992 2421 1054 2494 sed
1079 2445 1214 2495 summa
1237 2424 1364 2496 obser-

299 2539 421 2612 vantia
439 2539 607 2610 Roscium
622 2537 793 2612 Othonem
809 2537 852 2610 sit
866 2547 1061 2633 prosecuta.
1081 2538 1245 2611 Ceterum
1256 2539 1361 2634 hujus

298 2655 466 2753 orationis
487 2653 630 2728 effectus
655 2653 740 2727 adeo
760 2655 797 2726 in
816 2655 942 2729 animis
961 2657 1202 2729 Romanorum
1223 2655 1366 2726 aculeos

299 2771 505 2868 reliquerat,
522 2781 560 2843 ut
576 2769 677 2843 multi
690 2793 760 2842 non
774 2767 952 2844 affirmare
967 2769 1160 2841 dubitarint
1173 2769 1365 2862 Virgilium

300 2909 376 2959 eam
402 2886 594 2980 designare
617 2884 771 2960 voluisse
789 2887 827 2956 in
849 2885 915 2958 hac
932 2883 1123 2958 OEneidos³
1146 2883 1366 2956 notatissima

301 3002 583 3099 comparatione:
663 3007 667 3016 '

342 3239 388 3297 Ac
402 3235 498 3298 ueluti
513 3251 622 3312 magno
636 3234 667 3293 in
682 3235 792 3312 populo
805 3251 899 3311 quum
910 3251 991 3313 saepe
1006 3239 1109 3295 coorta
1123 3241 1172 3296 est
1182 3231 1286 3317 (etc.);

351 3477 474 3526 verum
493 3475 564 3524 non
587 3452 783 3524 testimonio
802 3451 863 3524 sed
882 3453 1084 3546 conjectura
1111 3461 1146 3525 et
1169 3452 1369 3549 probabili-

302 3577 372 3642 tate
389 3591 489 3642 suam
508 3569 706 3664 opinionem
720 3553 933 3640 'confirmare
954 3568 1132 3658 videntur,
1155 3578 1259 3662 atque
1275 3571 1311 3640 in
1326 3593 1369 3642 ea

303 3707 341 3756 re
362 3684 524 3756 insistere
543 3704 760 3780 nequaquam
780 3681 866 3754 utile
889 3690 953 3755 est.
979 3682 1116 3765 Quanto
1140 3684 1241 3756 nobis
1256 3685 1369 3756 satius

266 3785 270 3792 ²
303 3808 395 3872 esset
409 3798 569 3894 quaedam
583 3824 626 3873 ex
638 3799 704 3871 hac
718 3799 874 3871 oratione
887 3795 923 3870 in
940 3820 1063 3870 manus
1076 3821 1226 3888 sumere,
1239 3806 1277 3868 nt
1287 3821 1365 3870 eam

335 4047 345 4082 1
361 4045 471 4107 Plinius,
486 4045 530 4095 lib.
547 4045 603 4104 Vll,
620 4061 642 4096 c.
656 4058 734 4096 xxxi.

334 4127 346 4162 ²
361 4127 464 4188 Brutus,
477 4141 500 4177 c.
515 4139 579 4177 xcu.
743 4175 746 4182 ,

334 4205 460 4265 ³AEneis,
475 4205 522 4257 lib.
537 4205 558 4264 l,
571 4221 596 4256 v.
611 4205 664 4257 152.
