3024 4944
256 389 506 441 Fssaemnn'ra
532 387 774 439 ORATIONUM
806 381 1129 440 DEPERDITARUM
1186 391 1232 440 175

342 809 443 867 XVII.
465 839 500 852 ·-
520 807 676 866 ORATIO
700 808 781 863 PRO
805 809 838 863 P.
864 808 1041 864 VATINIO

493 992 696 1026 audomarum
710 989 891 1024 HlSTORlCCM

196 1132 230 1193 Si
244 1151 301 1210 pro
312 1152 385 1211 rege
397 1108 607 1194 Alexandrino
617 1135 773 1196 Ciceronis
786 1134 955 1194 orationem
965 1134 1109 1194 laudibus
1121 1151 1227 1193 sumus

153 1241 317 1315 prosecuti,
340 1260 394 1301 uos
408 1241 553 1318 ignorare
569 1242 713 1310 velimus,
732 1248 765 1301 ut
780 1241 857 1300 tanti
874 1240 936 1300 viri
951 1239 1032 1300 fama
1051 1259 1110 1299 non
1130 1240 1226 1299 debo-

154 1351 339 1420 nestaretur,
356 1347 522 1422 abeodem,
535 1347 784 1420 Caesarccrante,
801 1344 959 1405 Vatinium
972 1363 1040 1405 esse
1054 1344 1223 1406 defensum.

152 1456 308 1522 Attamen,
319 1454 668 1530 quotiescumqueiatam
677 1440 888 1513 infirmitatem
903 1452 1093 1529 temporibus
1107 1471 1227 1513 accom-

153 1561 306 1621 modatam
329 1568 435 1622 notare
459 1562 627 1638 cogitamus
654 1579 689 1621 ac
713 1561 776 1619 vim
803 1559 897 1619 animi
920 1559 1060 1620 Ciceroni
1091 1557 1226 1619 defuisse

152 1667 296 1738 clamare,
313 1669 447 1744 primum
462 1667 597 1727 omnium
612 1682 786 1743 quaeramus
800 1671 921 1742 oportet
944 1684 1028 1739 num,
1049 1682 1171 1742 revera,
1188 1666 1225 1726 de
1275 1741 1277 1750 Ι

151 1773 278 1851 ignavia
293 1781 346 1834 aut
360 1775 534 1834 timididate
552 1774 578 1832 is
592 1773 730 1832 accusari
745 1772 854 1850 possit,
871 1772 923 1848 qui
940 1772 1090 1834 adversus
1107 1774 1225 1834 Sullam

152 1878 343 1951 dictatorem,
373 1881 485 1941 silente
512 1880 654 1958 civitate,
685 1879 832 1940 Roscium
856 1882 1037 1941 Amerinum
1065 1881 1226 1941 defendere

152 2004 244 2047 ausus
272 1993 338 2064 est3
368 1989 480 2065 quique
507 2006 612 2057 senex,
640 1965 732 2064 quum
755 1989 787 2047 in
816 1988 878 2048 ctio
905 2008 959 2048 nec
984 1989 1051 2049 eine
1075 1989 1226 2066 dignitate

151 2095 259 2154 vivere
278 2103 392 2173 posset,
419 2103 453 2156 ut
475 2099 604 2157 Romam
618 2095 747 2156 liberam
765 2097 968 2174 relinqueret,
992 2116 1062 2156 cum
1091 2099 1224 2158 Antonio

151 2203 322 2263 dimicando
336 2223 392 2282 pro
407 2205 509 2282 patria
522 2211 653 2264 mortem
668 2204 787 2281 optavit
800 2210 891 2282 atque
906 2205 1046 2283 oppetiit.

191 2313 304 2372 Habita
314 2315 469 2375 estoratio
480 2315 566 2374 Coss.
579 2316 614 2375 L.
628 2315 760 2373 Domitio
770 2317 985 2393 Ahenobarbo,
1001 2321 1080 2394 App.
1095 2317 1223 2377 Claudio

150 2424 298 2493 Pulchro,
316 2441 395 2483 anno
408 2423 448 2483 54
462 2429 531 2483 ante
546 2425 564 2485 J
568 2425 634 2484 .-C.
653 2455 690 2467 -
705 2426 793 2484 Anno
808 2424 966 2485 Ciceronis
981 2425 1031 2485 53.

191 2585 291 2654 Quum
308 2584 466 2643 Vatinium
481 2573 686 2654 defenderem,
713 2586 776 2644 dixi
792 2604 840 2645 me
854 2585 955 2644 facere
970 2584 1125 2661 quiddam,
1143 2585 1221 2660 quod

151 2689 182 2750 in
200 2692 347 2750 Eunucho
362 2692 517 2766 parasitus
532 2693 640 2752 suadet
653 2691 744 2750 militi
762 2715 769 2752 2

279 2861 328 2913 Ubi
339 2859 500 2912 nominabit
511 2863 691 2919 Phaedriam,
710 2869 743 2910 ta
755 2861 942 2922 Paaapbilam

276 2941 429 2991 Continuo.
441 2943 472 2992 Si
490 2943 607 3004 quamdo,
616 2943 668 2990 illa
680 2941 762 2999 dicet,
773 2942 942 2992 Phaedriam
954 2942 996 2991 in-

275 3024 473 3072 tromittamus
487 3021 673 3072 comissatum
687 3038 696 3072 :
711 3029 743 3072 tu
760 3024 946 3086 Pamphilam

276 3101 428 3152 Cantatum
435 3114 628 3164 prouocemus.
642 3103 676 3152 si
690 3106 817 3154 laudabit
833 3105 891 3154 hoec

274 3183 360 3233 Illius
374 3185 508 3244 formam,
520 3192 553 3234 tu
566 3187 656 3246 bajas
667 3191 777 3236 contra.
790 3185 919 3248 Denique

236 3295 238 3300 -
275 3265 335 3313 Par
350 3276 403 3325 pro
412 3265 481 3326 puri
494 3267 610 3326 referto,
622 3266 697 3328 qaod
711 3279 774 3314 eam
788 3269 924 3320 mordeat.

138 3473 141 3486 ,
191 3426 242 3485 Sic
257 3426 352 3503 petivi
366 3444 383 3484 a
397 3424 567 3504 judicibus,
592 3432 636 3501 ut,
654 3427 794 3502 quoniam
811 3427 933 3502 quidam
950 3425 1067 3484 nobiles
1080 3423 1219 3482 homines

149 3537 179 3590 et
194 3532 231 3590 de
246 3549 294 3590 me
307 3531 420 3608 optime
435 3532 539 3591 meriti
554 3532 645 3591 nimis
661 3538 800 3592 amarent
811 3517 969 3592 inimicum
983 3550 1094 3600 meum,
1111 3549 1219 3606 meque
1286 3587 1290 3592 .

149 3641 339 3716 inspectante
354 3658 433 3717 saepe
448 3657 517 3698 eum
533 3640 564 3698 in
580 3643 686 3699 senatu
704 3641 791 3698 modo
803 3658 910 3700 severe
921 3641 1113 3713 seducerent,
1130 3637 1218 3696 modo

150 3746 344 3807 familiariter
358 3754 448 3823 atque
462 3748 561 3806 hilare
574 3747 834 3824 amplexarentur,
852 3747 1054 3824 quoniamque
1066 3745 1113 3804 illi
1129 3747 1221 3805 habe-

149 3861 219 3913 rent
238 3872 327 3913 suum
342 3855 499 3930 Publium,
521 3856 629 3914 darent
651 3854 727 3913 mihi
746 3855 806 3932 ipsi
828 3856 922 3914 alium
937 3855 1095 3926 Publium,
1114 3857 1218 3932 inquo

150 3977 267 4036 possem
282 3959 406 4018 illorum
421 3960 549 4034 animos,
566 3959 763 4019 mediocriter
776 3959 951 4037 lacessitae,
972 3961 1085 4020 leviter
1104 3977 1220 4036 repun-

151 4084 234 4143 gere.
250 4066 382 4146 (Cicero.
399 4069 435 4127 ad
450 4069 535 4144 lliv.,
552 4068 606 4128 lib.
625 4072 648 4144 Ι,
665 4087 712 4146 ep.
731 4069 777 4145 b.)

529 4269 606 4276 .--—-—--
617 4268 845 4276 --—.--—---—----
