<?xml version="1.0" encoding="UTF-8"?>
<!DOCTYPE html PUBLIC "-//W3C//DTD XHTML 1.0 Transitional//EN"
    "http://www.w3.org/TR/xhtml1/DTD/xhtml1-transitional.dtd">
<html xmlns="http://www.w3.org/1999/xhtml" xml:lang="en" lang="en">
 <head>
  <title>
</title>
<meta http-equiv="Content-Type" content="text/html;charset=utf-8" />
  <meta name='ocr-system' content='tesseract 3.04.00' />
  <meta name='ocr-capabilities' content='ocr_page ocr_carea ocr_par ocr_line ocrx_word'/>
</head>
<body>
  <div class='ocr_page' id='page_1' title='image "./demarcitulliici00beligoog_0180.png"; bbox 0 0 3024 4944; ppageno 0'>
   <div class='ocr_carea' id='block_1_1' title="bbox 291 421 1259 482">
    <p class='ocr_par' dir='ltr' id='par_1_1' title="bbox 291 421 1259 482">
     <span class='ocr_line' id='line_1_1' title="bbox 291 421 1259 482; baseline -0.01 0"><span class='ocrx_word' id='word_1_1' title='bbox 291 425 545 482; x_wconf 74' lang='lat' dir='ltr'><strong>FRAGMENTA</strong></span> <span class='ocrx_word' id='word_1_2' title='bbox 567 424 807 476; x_wconf 68' lang='lat' dir='ltr'>cantionum</span> <span class='ocrx_word' id='word_1_3' title='bbox 824 421 1152 474; x_wconf 72' lang='lat' dir='ltr'>&#39;uurnnni&#39;rauuu</span> <span class='ocrx_word' id='word_1_4' title='bbox 1197 421 1259 472; x_wconf 77' lang='lat'>¹159</span> 
     </span>
    </p>
   </div>
   <div class='ocr_carea' id='block_1_2' title="bbox 574 907 865 966">
    <p class='ocr_par' dir='ltr' id='par_1_2' title="bbox 574 907 865 966">
     <span class='ocr_line' id='line_1_2' title="bbox 574 907 865 966; baseline -0.014 0"><span class='ocrx_word' id='word_1_5' title='bbox 574 911 631 966; x_wconf 90' lang='lat' dir='ltr'>IX.</span> <span class='ocrx_word' id='word_1_6' title='bbox 653 941 689 951; x_wconf 91' lang='lat'>—·</span> <span class='ocrx_word' id='word_1_7' title='bbox 707 907 865 966; x_wconf 81' lang='lat' dir='ltr'>ORATIO</span> 
     </span>
    </p>
   </div>
   <div class='ocr_carea' id='block_1_3' title="bbox 294 1095 1180 1216">
    <p class='ocr_par' dir='ltr' id='par_1_3' title="bbox 294 1095 1180 1216">
     <span class='ocr_line' id='line_1_3' title="bbox 294 1095 1180 1138; baseline -0.002 -6"><span class='ocrx_word' id='word_1_8' title='bbox 294 1097 322 1132; x_wconf 81' lang='grc' dir='ltr'>ΙΝ</span> <span class='ocrx_word' id='word_1_9' title='bbox 338 1097 462 1132; x_wconf 65' lang='lat' dir='ltr'>sustuli</span> <span class='ocrx_word' id='word_1_10' title='bbox 478 1098 511 1134; x_wconf 82' lang='grc' dir='ltr'>ΙΝ</span> <span class='ocrx_word' id='word_1_11' title='bbox 528 1097 769 1134; x_wconf 66' lang='lat' dir='ltr'>reductumve</span> <span class='ocrx_word' id='word_1_12' title='bbox 791 1095 1150 1132; x_wconf 71' lang='lat' dir='ltr'>CONTRAC.ANTONlUM</span> <span class='ocrx_word' id='word_1_13' title='bbox 1177 1130 1180 1138; x_wconf 79' lang='grc'><em>,</em></span> 
     </span>
     <span class='ocr_line' id='line_1_4' title="bbox 444 1176 987 1216; baseline 0 -4"><span class='ocrx_word' id='word_1_14' title='bbox 444 1177 480 1213; x_wconf 79' lang='lat' dir='ltr'>E&#39;l&#39;</span> <span class='ocrx_word' id='word_1_15' title='bbox 498 1179 521 1216; x_wconf 81' lang='lat' dir='ltr'>L.</span> <span class='ocrx_word' id='word_1_16' title='bbox 539 1178 720 1214; x_wconf 76' lang='lat' dir='ltr'>CATILINAM</span> <span class='ocrx_word' id='word_1_17' title='bbox 737 1176 987 1214; x_wconf 73' lang='lat' dir='ltr'>COMPETl&#39;l&#39;ORES</span> 
     </span>
    </p>
   </div>
   <div class='ocr_carea' id='block_1_4' title="bbox 517 1377 913 1411">
    <p class='ocr_par' dir='ltr' id='par_1_4' title="bbox 517 1377 913 1411">
     <span class='ocr_line' id='line_1_5' title="bbox 517 1377 913 1411; baseline -0.003 0"><span class='ocrx_word' id='word_1_18' title='bbox 517 1377 718 1411; x_wconf 73' lang='lat' dir='ltr'><strong>ARGUMENTUM</strong></span> <span class='ocrx_word' id='word_1_19' title='bbox 733 1377 913 1411; x_wconf 57' lang='lat' dir='ltr'>nasonicum</span> 
     </span>
    </p>
   </div>
   <div class='ocr_carea' id='block_1_5' title="bbox 159 1523 1326 2676">
    <p class='ocr_par' dir='ltr' id='par_1_5' title="bbox 180 1523 1326 2343">
     <span class='ocr_line' id='line_1_6' title="bbox 222 1523 1252 1602; baseline -0.003 -18"><span class='ocrx_word' id='word_1_20' title='bbox 222 1525 324 1602; x_wconf 90' lang='lat' dir='ltr'>Hujus</span> <span class='ocrx_word' id='word_1_21' title='bbox 339 1525 487 1584; x_wconf 90' lang='lat' dir='ltr'>orationis</span> <span class='ocrx_word' id='word_1_22' title='bbox 506 1524 689 1602; x_wconf 84' lang='lat' dir='ltr'>fragmenta,</span> <span class='ocrx_word' id='word_1_23' title='bbox 710 1525 791 1585; x_wconf 86' lang='lat' dir='ltr'>haud</span> <span class='ocrx_word' id='word_1_24' title='bbox 805 1525 996 1601; x_wconf 88' lang='lat' dir='ltr'>aliterquam</span> <span class='ocrx_word' id='word_1_25' title='bbox 1010 1525 1042 1583; x_wconf 92' lang='lat' dir='ltr'>in</span> <span class='ocrx_word' id='word_1_26' title='bbox 1058 1527 1093 1584; x_wconf 90' lang='lat' dir='ltr'>P.</span> <span class='ocrx_word' id='word_1_27' title='bbox 1113 1523 1252 1587; x_wconf 86' lang='lat' dir='ltr'>Clodium</span> 
     </span>
     <span class='ocr_line' id='line_1_7' title="bbox 182 1631 1284 1710; baseline 0.001 -20"><span class='ocrx_word' id='word_1_28' title='bbox 182 1637 212 1690; x_wconf 89' lang='lat' dir='ltr'>ct</span> <span class='ocrx_word' id='word_1_29' title='bbox 224 1633 257 1691; x_wconf 87' lang='lat' dir='ltr'>C.</span> <span class='ocrx_word' id='word_1_30' title='bbox 276 1631 440 1690; x_wconf 81' lang='lat' dir='ltr'>Curionem</span> <span class='ocrx_word' id='word_1_31' title='bbox 461 1631 558 1692; x_wconf 86' lang='lat' dir='ltr'>oratio</span> <span class='ocrx_word' id='word_1_32' title='bbox 573 1632 667 1710; x_wconf 84' lang='lat' dir='ltr'>vulgo</span> <span class='ocrx_word' id='word_1_33' title='bbox 682 1632 786 1709; x_wconf 84' lang='lat' dir='ltr'>citata,</span> <span class='ocrx_word' id='word_1_34' title='bbox 806 1631 892 1691; x_wconf 89' lang='lat' dir='ltr'>nohis</span> <span class='ocrx_word' id='word_1_35' title='bbox 907 1631 1072 1690; x_wconf 88' lang='lat' dir='ltr'>ostendunt</span> <span class='ocrx_word' id='word_1_36' title='bbox 1087 1649 1146 1708; x_wconf 90' lang='lat' dir='ltr'>qua</span> <span class='ocrx_word' id='word_1_37' title='bbox 1164 1649 1251 1691; x_wconf 87' lang='lat' dir='ltr'>acer·</span> <span class='ocrx_word' id='word_1_38' title='bbox 1278 1637 1284 1642; x_wconf 85' lang='grc'><strong>’</strong></span> 
     </span>
     <span class='ocr_line' id='line_1_8' title="bbox 182 1735 1250 1816; baseline 0.004 -20"><span class='ocrx_word' id='word_1_39' title='bbox 182 1737 277 1798; x_wconf 91' lang='lat' dir='ltr'>bitate</span> <span class='ocrx_word' id='word_1_40' title='bbox 292 1738 462 1815; x_wconf 84' lang='lat' dir='ltr'>quibusque</span> <span class='ocrx_word' id='word_1_41' title='bbox 476 1739 668 1799; x_wconf 88' lang='lat' dir='ltr'>contumeliis</span> <span class='ocrx_word' id='word_1_42' title='bbox 682 1740 714 1799; x_wconf 91' lang='lat' dir='ltr'>in</span> <span class='ocrx_word' id='word_1_43' title='bbox 730 1741 785 1798; x_wconf 90' lang='lat' dir='ltr'>hac</span> <span class='ocrx_word' id='word_1_44' title='bbox 800 1745 980 1816; x_wconf 82' lang='lat' dir='ltr'>tempestate</span> <span class='ocrx_word' id='word_1_45' title='bbox 999 1740 1079 1815; x_wconf 93' lang='lat' dir='ltr'>apud</span> <span class='ocrx_word' id='word_1_46' title='bbox 1096 1735 1250 1811; x_wconf 82' lang='lat' dir='ltr'>senatum,</span> 
     </span>
     <span class='ocr_line' id='line_1_9' title="bbox 180 1846 1251 1923; baseline 0.001 -19"><span class='ocrx_word' id='word_1_47' title='bbox 180 1846 363 1904; x_wconf 89' lang='lat' dir='ltr'>seutentiam</span> <span class='ocrx_word' id='word_1_48' title='bbox 381 1846 494 1923; x_wconf 86' lang='lat' dir='ltr'>rogati,</span> <span class='ocrx_word' id='word_1_49' title='bbox 511 1851 667 1906; x_wconf 82' lang='lat' dir='ltr'>senatores</span> <span class='ocrx_word' id='word_1_50' title='bbox 683 1846 877 1906; x_wconf 81' lang='lat' dir='ltr'>adversarios</span> <span class='ocrx_word' id='word_1_51' title='bbox 900 1847 1098 1916; x_wconf 84' lang='lat' dir='ltr'>lacesserent,</span> <span class='ocrx_word' id='word_1_52' title='bbox 1119 1846 1251 1906; x_wconf 84' lang='lat' dir='ltr'>maxime</span> 
     </span>
     <span class='ocr_line' id='line_1_10' title="bbox 182 1943 1252 2032; baseline 0.001 -21"><span class='ocrx_word' id='word_1_53' title='bbox 182 1969 275 2028; x_wconf 90' lang='lat' dir='ltr'>quum</span> <span class='ocrx_word' id='word_1_54' title='bbox 289 1954 420 2012; x_wconf 89' lang='lat' dir='ltr'>honores</span> <span class='ocrx_word' id='word_1_55' title='bbox 442 1953 647 2030; x_wconf 88' lang='lat' dir='ltr'>amplissimos</span> <span class='ocrx_word' id='word_1_56' title='bbox 662 1955 878 2032; x_wconf 82' lang='lat' dir='ltr'>competitores</span> <span class='ocrx_word' id='word_1_57' title='bbox 896 1971 956 2013; x_wconf 90' lang='lat' dir='ltr'>una</span> <span class='ocrx_word' id='word_1_58' title='bbox 971 1961 1121 2031; x_wconf 90' lang='lat' dir='ltr'>peterent,</span> <span class='ocrx_word' id='word_1_59' title='bbox 1140 1943 1198 2012; x_wconf 89' lang='lat' dir='ltr'>no&#39;n</span> <span class='ocrx_word' id='word_1_60' title='bbox 1218 1959 1252 2012; x_wconf 89' lang='lat' dir='ltr'>ut</span> 
     </span>
     <span class='ocr_line' id='line_1_11' title="bbox 182 2059 1326 2138; baseline 0.002 -20"><span class='ocrx_word' id='word_1_61' title='bbox 182 2059 390 2134; x_wconf 82' lang='lat' dir='ltr'>ambitionem,</span> <span class='ocrx_word' id='word_1_62' title='bbox 407 2061 459 2119; x_wconf 89' lang='lat' dir='ltr'>sed</span> <span class='ocrx_word' id='word_1_63' title='bbox 475 2067 508 2120; x_wconf 95' lang='lat' dir='ltr'>ut</span> <span class='ocrx_word' id='word_1_64' title='bbox 532 2061 694 2120; x_wconf 87' lang='lat' dir='ltr'>avaritiam</span> <span class='ocrx_word' id='word_1_65' title='bbox 714 2061 872 2137; x_wconf 83' lang='lat' dir='ltr'>explerent</span> <span class='ocrx_word' id='word_1_66' title='bbox 887 2079 983 2128; x_wconf 89' lang='lat' dir='ltr'>suam,</span> <span class='ocrx_word' id='word_1_67' title='bbox 1001 2061 1249 2138; x_wconf 81' lang='lat' dir='ltr'>provinciasque,</span> <span class='ocrx_word' id='word_1_68' title='bbox 1320 2073 1326 2078; x_wconf 88' lang='grc'><strong><em>·</em></strong></span> 
     </span>
     <span class='ocr_line' id='line_1_12' title="bbox 180 2167 1250 2246; baseline -0.001 -20"><span class='ocrx_word' id='word_1_69' title='bbox 180 2167 365 2244; x_wconf 82' lang='lat' dir='ltr'>magistratu</span> <span class='ocrx_word' id='word_1_70' title='bbox 383 2176 519 2245; x_wconf 88' lang='lat' dir='ltr'>peracto,</span> <span class='ocrx_word' id='word_1_71' title='bbox 542 2168 680 2246; x_wconf 85' lang='lat' dir='ltr'>legitime</span> <span class='ocrx_word' id='word_1_72' title='bbox 694 2187 808 2228; x_wconf 85' lang='lat' dir='ltr'>vexare</span> <span class='ocrx_word' id='word_1_73' title='bbox 823 2177 955 2246; x_wconf 87' lang='lat' dir='ltr'>possent.</span> <span class='ocrx_word' id='word_1_74' title='bbox 974 2171 1063 2229; x_wconf 85' lang='lat' dir='ltr'>Certe</span> <span class='ocrx_word' id='word_1_75' title='bbox 1087 2168 1163 2226; x_wconf 90' lang='lat' dir='ltr'>nihil</span> <span class='ocrx_word' id='word_1_76' title='bbox 1177 2168 1250 2226; x_wconf 90' lang='lat' dir='ltr'>novi</span> 
     </span>
     <span class='ocr_line' id='line_1_13' title="bbox 181 2275 1247 2343; baseline -0.002 -7"><span class='ocrx_word' id='word_1_77' title='bbox 181 2277 246 2336; x_wconf 87' lang='lat' dir='ltr'>haec</span> <span class='ocrx_word' id='word_1_78' title='bbox 271 2275 369 2334; x_wconf 90' lang='lat' dir='ltr'>oratio</span> <span class='ocrx_word' id='word_1_79' title='bbox 387 2277 491 2335; x_wconf 88' lang='lat' dir='ltr'>attulit</span> <span class='ocrx_word' id='word_1_80' title='bbox 506 2277 542 2334; x_wconf 92' lang='lat' dir='ltr'>de</span> <span class='ocrx_word' id='word_1_81' title='bbox 555 2276 690 2336; x_wconf 88' lang='lat' dir='ltr'>caedibus</span> <span class='ocrx_word' id='word_1_82' title='bbox 710 2277 848 2336; x_wconf 88' lang='lat' dir='ltr'>Sullanis</span> <span class='ocrx_word' id='word_1_83' title='bbox 864 2295 899 2336; x_wconf 92' lang='lat' dir='ltr'>ac</span> <span class='ocrx_word' id='word_1_84' title='bbox 914 2277 1053 2339; x_wconf 85' lang='lat' dir='ltr'>Catilinae</span> <span class='ocrx_word' id='word_1_85' title='bbox 1068 2275 1247 2343; x_wconf 69' lang='lat' dir='ltr'>sceleribus</span> 
     </span>
    </p>

    <p class='ocr_par' dir='ltr' id='par_1_6' title="bbox 159 2381 1248 2676">
     <span class='ocr_line' id='line_1_14' title="bbox 159 2381 1248 2460; baseline -0.001 -19"><span class='ocrx_word' id='word_1_86' title='bbox 159 2411 163 2418; x_wconf 91' lang='lat'>·</span> <span class='ocrx_word' id='word_1_87' title='bbox 182 2381 244 2458; x_wconf 91' lang='lat' dir='ltr'>qui,</span> <span class='ocrx_word' id='word_1_88' title='bbox 255 2383 623 2459; x_wconf 85' lang='lat' dir='ltr'>domesticisimaginibus</span> <span class='ocrx_word' id='word_1_89' title='bbox 635 2383 894 2460; x_wconf 83' lang='lat' dir='ltr'>fretus,quamvis</span> <span class='ocrx_word' id='word_1_90' title='bbox 905 2401 973 2442; x_wconf 88' lang='lat' dir='ltr'>sese</span> <span class='ocrx_word' id='word_1_91' title='bbox 983 2384 1122 2442; x_wconf 90' lang='lat' dir='ltr'>omnibus</span> <span class='ocrx_word' id='word_1_92' title='bbox 1132 2382 1248 2459; x_wconf 88' lang='lat' dir='ltr'>stupris</span> 
     </span>
     <span class='ocr_line' id='line_1_15' title="bbox 181 2489 1248 2568; baseline 0 -20"><span class='ocrx_word' id='word_1_93' title='bbox 181 2489 384 2565; x_wconf 89' lang='lat' dir='ltr'>inquinasset,</span> <span class='ocrx_word' id='word_1_94' title='bbox 399 2490 437 2549; x_wconf 87' lang='lat' dir='ltr'>ad</span> <span class='ocrx_word' id='word_1_95' title='bbox 458 2489 627 2567; x_wconf 89' lang='lat' dir='ltr'>imperium</span> <span class='ocrx_word' id='word_1_96' title='bbox 640 2509 672 2550; x_wconf 91' lang='lat' dir='ltr'>se</span> <span class='ocrx_word' id='word_1_97' title='bbox 695 2509 763 2550; x_wconf 88' lang='lat' dir='ltr'>esse</span> <span class='ocrx_word' id='word_1_98' title='bbox 778 2498 882 2550; x_wconf 89' lang='lat' dir='ltr'>natum</span> <span class='ocrx_word' id='word_1_99' title='bbox 898 2491 1115 2568; x_wconf 82' lang='lat' dir='ltr'>profitebatur3</span> <span class='ocrx_word' id='word_1_100' title='bbox 1142 2496 1172 2550; x_wconf 93' lang='lat' dir='ltr'>at</span> <span class='ocrx_word' id='word_1_101' title='bbox 1195 2509 1248 2548; x_wconf 87' lang='lat' dir='ltr'>uos</span> 
     </span>
     <span class='ocr_line' id='line_1_16' title="bbox 181 2596 1248 2676; baseline -0.003 -19"><span class='ocrx_word' id='word_1_102' title='bbox 181 2598 288 2657; x_wconf 89' lang='lat' dir='ltr'>edocet</span> <span class='ocrx_word' id='word_1_103' title='bbox 308 2616 366 2674; x_wconf 91' lang='lat' dir='ltr'>quo</span> <span class='ocrx_word' id='word_1_104' title='bbox 390 2598 506 2656; x_wconf 88' lang='lat' dir='ltr'>ambitu</span> <span class='ocrx_word' id='word_1_105' title='bbox 529 2616 609 2656; x_wconf 83' lang='lat' dir='ltr'>novo</span> <span class='ocrx_word' id='word_1_106' title='bbox 631 2598 784 2657; x_wconf 88' lang='lat' dir='ltr'>candidati</span> <span class='ocrx_word' id='word_1_107' title='bbox 799 2599 921 2674; x_wconf 89' lang='lat' dir='ltr'>quidam</span> <span class='ocrx_word' id='word_1_108' title='bbox 939 2599 1043 2676; x_wconf 92' lang='lat' dir='ltr'>populi</span> <span class='ocrx_word' id='word_1_109' title='bbox 1058 2596 1248 2673; x_wconf 81' lang='lat' dir='ltr'>suffragiain</span> 
     </span>
    </p>
   </div>
   <div class='ocr_carea' id='block_1_6' title="bbox 180 2703 1398 2780">
    <p class='ocr_par' dir='ltr' id='par_1_7' title="bbox 180 2703 1398 2780">
     <span class='ocr_line' id='line_1_17' title="bbox 180 2703 1398 2780; baseline -0.004 -17"><span class='ocrx_word' id='word_1_110' title='bbox 180 2705 315 2764; x_wconf 88' lang='lat' dir='ltr'>comitiis</span> <span class='ocrx_word' id='word_1_111' title='bbox 329 2703 485 2762; x_wconf 87' lang='lat' dir='ltr'>devincire</span> <span class='ocrx_word' id='word_1_112' title='bbox 500 2710 666 2765; x_wconf 89' lang='lat' dir='ltr'>tentarent.</span> <span class='ocrx_word' id='word_1_113' title='bbox 692 2707 845 2765; x_wconf 81' lang='lat' dir='ltr'>Antonius</span> <span class='ocrx_word' id='word_1_114' title='bbox 860 2705 952 2774; x_wconf 91' lang='lat' dir='ltr'>enim,</span> <span class='ocrx_word' id='word_1_115' title='bbox 973 2704 999 2763; x_wconf 92' lang='lat' dir='ltr'>si</span> <span class='ocrx_word' id='word_1_116' title='bbox 1014 2704 1169 2780; x_wconf 81' lang='lat' dir='ltr'>repulsam</span> <span class='ocrx_word' id='word_1_117' title='bbox 1187 2703 1247 2760; x_wconf 83' lang='lat' dir='ltr'>fer·</span> <span class='ocrx_word' id='word_1_118' title='bbox 1312 2771 1314 2776; x_wconf 68' lang='lat'>,</span> <span class='ocrx_word' id='word_1_119' title='bbox 1395 2749 1398 2758; x_wconf 95' lang='lat'><em>.</em></span> 
     </span>
    </p>
   </div>
   <div class='ocr_carea' id='block_1_7' title="bbox 181 2811 1266 3746">
    <p class='ocr_par' dir='ltr' id='par_1_8' title="bbox 181 2811 1266 3746">
     <span class='ocr_line' id='line_1_18' title="bbox 181 2811 1266 2889; baseline 0 -19"><span class='ocrx_word' id='word_1_120' title='bbox 181 2817 239 2880; x_wconf 88' lang='lat' dir='ltr'>ret,</span> <span class='ocrx_word' id='word_1_121' title='bbox 267 2811 369 2870; x_wconf 89' lang='lat' dir='ltr'>dicere</span> <span class='ocrx_word' id='word_1_122' title='bbox 387 2811 488 2887; x_wconf 88' lang='lat' dir='ltr'>palam</span> <span class='ocrx_word' id='word_1_123' title='bbox 504 2812 634 2872; x_wconf 90' lang='lat' dir='ltr'>audebat</span> <span class='ocrx_word' id='word_1_124' title='bbox 650 2831 683 2872; x_wconf 90' lang='lat' dir='ltr'>se</span> <span class='ocrx_word' id='word_1_125' title='bbox 698 2831 765 2872; x_wconf 90' lang='lat' dir='ltr'>curn</span> <span class='ocrx_word' id='word_1_126' title='bbox 784 2814 960 2889; x_wconf 88' lang='lat' dir='ltr'>pastoribus</span> <span class='ocrx_word' id='word_1_127' title='bbox 976 2813 1052 2888; x_wconf 91' lang='lat' dir='ltr'>suis,</span> <span class='ocrx_word' id='word_1_128' title='bbox 1068 2812 1246 2889; x_wconf 82' lang='lat' dir='ltr'>praedonum</span> <span class='ocrx_word' id='word_1_129' title='bbox 1262 2851 1266 2858; x_wconf 85' lang='lat'><em>-</em></span> 
     </span>
     <span class='ocr_line' id='line_1_19' title="bbox 181 2916 1247 2996; baseline 0 -20"><span class='ocrx_word' id='word_1_130' title='bbox 181 2935 274 2994; x_wconf 85' lang='lat' dir='ltr'>agere</span> <span class='ocrx_word' id='word_1_131' title='bbox 290 2917 386 2976; x_wconf 84' lang='lat' dir='ltr'>vitam</span> <span class='ocrx_word' id='word_1_132' title='bbox 395 2916 580 2994; x_wconf 88' lang='lat' dir='ltr'>jampridem</span> <span class='ocrx_word' id='word_1_133' title='bbox 595 2919 737 2988; x_wconf 88' lang='lat' dir='ltr'>assuetis,</span> <span class='ocrx_word' id='word_1_134' title='bbox 753 2917 956 2996; x_wconf 80' lang='lat' dir='ltr'>fugitivorum</span> <span class='ocrx_word' id='word_1_135' title='bbox 972 2918 1098 2993; x_wconf 88' lang='lat' dir='ltr'>bellum,</span> <span class='ocrx_word' id='word_1_136' title='bbox 1114 2918 1165 2976; x_wconf 92' lang='lat' dir='ltr'>ubi</span> <span class='ocrx_word' id='word_1_137' title='bbox 1177 2919 1247 2976; x_wconf 84' lang='lat' dir='ltr'>vel-</span> 
     </span>
     <span class='ocr_line' id='line_1_20' title="bbox 181 3022 1248 3096; baseline 0.002 -14"><span class='ocrx_word' id='word_1_138' title='bbox 181 3022 233 3096; x_wconf 89' lang='lat' dir='ltr'>let,</span> <span class='ocrx_word' id='word_1_139' title='bbox 252 3023 469 3082; x_wconf 86' lang='lat' dir='ltr'>excitaturum.</span> <span class='ocrx_word' id='word_1_140' title='bbox 496 3025 595 3094; x_wconf 88' lang='lat' dir='ltr'>Quum</span> <span class='ocrx_word' id='word_1_141' title='bbox 615 3024 780 3094; x_wconf 89' lang='lat' dir='ltr'>candidati,</span> <span class='ocrx_word' id='word_1_142' title='bbox 804 3030 837 3083; x_wconf 91' lang='lat' dir='ltr'>ut</span> <span class='ocrx_word' id='word_1_143' title='bbox 856 3024 970 3082; x_wconf 89' lang='lat' dir='ltr'>civium</span> <span class='ocrx_word' id='word_1_144' title='bbox 986 3025 1086 3084; x_wconf 89' lang='lat' dir='ltr'>studia</span> <span class='ocrx_word' id='word_1_145' title='bbox 1100 3025 1137 3084; x_wconf 95' lang='lat' dir='ltr'>ad</span> <span class='ocrx_word' id='word_1_146' title='bbox 1152 3042 1185 3083; x_wconf 86' lang='lat' dir='ltr'>se</span> <span class='ocrx_word' id='word_1_147' title='bbox 1200 3032 1248 3084; x_wconf 86' lang='lat' dir='ltr'>at-</span> 
     </span>
     <span class='ocr_line' id='line_1_21' title="bbox 182 3129 1244 3208; baseline 0.002 -20"><span class='ocrx_word' id='word_1_148' title='bbox 182 3130 316 3205; x_wconf 85' lang='lat' dir='ltr'>trahant,</span> <span class='ocrx_word' id='word_1_149' title='bbox 333 3136 434 3190; x_wconf 87' lang='lat' dir='ltr'>tantas</span> <span class='ocrx_word' id='word_1_150' title='bbox 452 3129 551 3188; x_wconf 92' lang='lat' dir='ltr'>minas</span> <span class='ocrx_word' id='word_1_151' title='bbox 562 3135 681 3208; x_wconf 85' lang='lat' dir='ltr'>jactant</span> <span class='ocrx_word' id='word_1_152' title='bbox 695 3138 724 3190; x_wconf 87' lang='lat' dir='ltr'>et</span> <span class='ocrx_word' id='word_1_153' title='bbox 740 3131 913 3208; x_wconf 84' lang='lat' dir='ltr'>proferunt,</span> <span class='ocrx_word' id='word_1_154' title='bbox 930 3132 1003 3191; x_wconf 89' lang='lat' dir='ltr'>licet</span> <span class='ocrx_word' id='word_1_155' title='bbox 1018 3149 1198 3194; x_wconf 88' lang='lat' dir='ltr'>asseverare</span> <span class='ocrx_word' id='word_1_156' title='bbox 1213 3133 1244 3190; x_wconf 91' lang='lat' dir='ltr'>in</span> 
     </span>
     <span class='ocr_line' id='line_1_22' title="bbox 181 3237 1246 3316; baseline 0.003 -21"><span class='ocrx_word' id='word_1_157' title='bbox 181 3237 278 3296; x_wconf 91' lang='lat' dir='ltr'>libera</span> <span class='ocrx_word' id='word_1_158' title='bbox 293 3237 444 3316; x_wconf 87' lang='lat' dir='ltr'>quondam</span> <span class='ocrx_word' id='word_1_159' title='bbox 458 3237 585 3297; x_wconf 85' lang='lat' dir='ltr'>civitate</span> <span class='ocrx_word' id='word_1_160' title='bbox 608 3257 667 3296; x_wconf 92' lang='lat' dir='ltr'>non</span> <span class='ocrx_word' id='word_1_161' title='bbox 682 3239 766 3314; x_wconf 86' lang='lat' dir='ltr'>leges</span> <span class='ocrx_word' id='word_1_162' title='bbox 781 3240 834 3298; x_wconf 87' lang='lat' dir='ltr'>scd</span> <span class='ocrx_word' id='word_1_163' title='bbox 849 3239 913 3298; x_wconf 83' lang='lat' dir='ltr'>vim</span> <span class='ocrx_word' id='word_1_164' title='bbox 931 3239 1092 3308; x_wconf 89' lang='lat' dir='ltr'>dominari,</span> <span class='ocrx_word' id='word_1_165' title='bbox 1110 3240 1181 3298; x_wconf 92' lang='lat' dir='ltr'>dum</span> <span class='ocrx_word' id='word_1_166' title='bbox 1195 3240 1246 3298; x_wconf 90' lang='lat' dir='ltr'>in-</span> 
     </span>
     <span class='ocr_line' id='line_1_23' title="bbox 181 3345 1246 3426; baseline 0 -22"><span class='ocrx_word' id='word_1_167' title='bbox 181 3351 229 3404; x_wconf 89' lang='lat' dir='ltr'>ter</span> <span class='ocrx_word' id='word_1_168' title='bbox 243 3345 327 3405; x_wconf 81' lang='lat' dir='ltr'>cives</span> <span class='ocrx_word' id='word_1_169' title='bbox 340 3351 473 3405; x_wconf 86' lang='lat' dir='ltr'>armatos</span> <span class='ocrx_word' id='word_1_170' title='bbox 493 3346 544 3405; x_wconf 88' lang='lat' dir='ltr'>vel</span> <span class='ocrx_word' id='word_1_171' title='bbox 562 3346 793 3423; x_wconf 85' lang='lat' dir='ltr'>potentissimus</span> <span class='ocrx_word' id='word_1_172' title='bbox 808 3348 859 3407; x_wconf 86' lang='lat' dir='ltr'>vel</span> <span class='ocrx_word' id='word_1_173' title='bbox 874 3347 1105 3422; x_wconf 87' lang='lat' dir='ltr'>callidissimus,</span> <span class='ocrx_word' id='word_1_174' title='bbox 1120 3349 1246 3426; x_wconf 79' lang='lat' dir='ltr'>dejectis</span> 
     </span>
     <span class='ocr_line' id='line_1_24' title="bbox 181 3454 1245 3533; baseline -0.001 -19"><span class='ocrx_word' id='word_1_175' title='bbox 181 3456 321 3514; x_wconf 88' lang='lat' dir='ltr'>omnihus</span> <span class='ocrx_word' id='word_1_176' title='bbox 346 3454 546 3531; x_wconf 86' lang='lat' dir='ltr'>adversariis,</span> <span class='ocrx_word' id='word_1_177' title='bbox 569 3454 830 3533; x_wconf 85' lang='lat' dir='ltr'>victoriae-ipsius</span> <span class='ocrx_word' id='word_1_178' title='bbox 859 3455 1041 3524; x_wconf 88' lang='lat' dir='ltr'>conditione,</span> <span class='ocrx_word' id='word_1_179' title='bbox 1064 3473 1122 3512; x_wconf 92' lang='lat' dir='ltr'>non</span> <span class='ocrx_word' id='word_1_180' title='bbox 1146 3456 1245 3514; x_wconf 92' lang='lat' dir='ltr'>solum</span> 
     </span>
     <span class='ocr_line' id='line_1_25' title="bbox 181 3563 1243 3640; baseline 0 -19"><span class='ocrx_word' id='word_1_181' title='bbox 181 3564 261 3640; x_wconf 90' lang='lat' dir='ltr'>apud</span> <span class='ocrx_word' id='word_1_182' title='bbox 269 3565 401 3639; x_wconf 89' lang='lat' dir='ltr'>aequales</span> <span class='ocrx_word' id='word_1_183' title='bbox 417 3565 470 3622; x_wconf 90' lang='lat' dir='ltr'>sed</span> <span class='ocrx_word' id='word_1_184' title='bbox 484 3563 576 3622; x_wconf 86' lang='lat' dir='ltr'>etiam</span> <span class='ocrx_word' id='word_1_185' title='bbox 586 3563 664 3640; x_wconf 89' lang='lat' dir='ltr'>apud</span> <span class='ocrx_word' id='word_1_186' title='bbox 676 3569 814 3640; x_wconf 88' lang='lat' dir='ltr'>posteros</span> <span class='ocrx_word' id='word_1_187' title='bbox 821 3563 1017 3639; x_wconf 81' lang='lat' dir='ltr'>tyrannidem</span> <span class='ocrx_word' id='word_1_188' title='bbox 1029 3581 1114 3622; x_wconf 80' lang='lat' dir='ltr'>suam</span> <span class='ocrx_word' id='word_1_189' title='bbox 1124 3569 1243 3640; x_wconf 87' lang='lat' dir='ltr'>gratam</span> 
     </span>
     <span class='ocr_line' id='line_1_26' title="bbox 181 3670 563 3746; baseline 0.005 -18"><span class='ocrx_word' id='word_1_190' title='bbox 181 3677 394 3746; x_wconf 87' lang='lat' dir='ltr'>acceptamque</span> <span class='ocrx_word' id='word_1_191' title='bbox 412 3670 526 3730; x_wconf 85' lang='lat' dir='ltr'>efficiat</span> <span class='ocrx_word' id='word_1_192' title='bbox 542 3671 563 3730; x_wconf 83' lang='lat'>¹.</span> 
     </span>
    </p>
   </div>
   <div class='ocr_carea' id='block_1_8' title="bbox 219 3776 1342 3853">
    <p class='ocr_par' dir='ltr' id='par_1_9' title="bbox 219 3776 1342 3853">
     <span class='ocr_line' id='line_1_27' title="bbox 219 3776 1342 3853; baseline 0.001 -18"><span class='ocrx_word' id='word_1_193' title='bbox 219 3777 332 3836; x_wconf 88' lang='lat' dir='ltr'>Habita</span> <span class='ocrx_word' id='word_1_194' title='bbox 350 3783 397 3836; x_wconf 88' lang='lat' dir='ltr'>est</span> <span class='ocrx_word' id='word_1_195' title='bbox 419 3777 518 3836; x_wconf 88' lang='lat' dir='ltr'>oratio</span> <span class='ocrx_word' id='word_1_196' title='bbox 534 3781 617 3839; x_wconf 86' lang='lat' dir='ltr'>Coss.</span> <span class='ocrx_word' id='word_1_197' title='bbox 634 3777 668 3836; x_wconf 89' lang='lat' dir='ltr'>L.</span> <span class='ocrx_word' id='word_1_198' title='bbox 686 3776 768 3836; x_wconf 86' lang='lat' dir='ltr'>Julio</span> <span class='ocrx_word' id='word_1_199' title='bbox 783 3777 916 3853; x_wconf 86' lang='lat' dir='ltr'>Caesare,</span> <span class='ocrx_word' id='word_1_200' title='bbox 934 3780 968 3837; x_wconf 93' lang='lat' dir='ltr'>C.</span> <span class='ocrx_word' id='word_1_201' title='bbox 988 3777 1104 3838; x_wconf 87' lang='lat' dir='ltr'>Marcio</span> <span class='ocrx_word' id='word_1_202' title='bbox 1121 3776 1244 3853; x_wconf 81' lang='lat' dir='ltr'>Figulo,</span> <span class='ocrx_word' id='word_1_203' title='bbox 1340 3783 1342 3788; x_wconf 86' lang='lat'>&#39;</span> 
     </span>
    </p>
   </div>
   <div class='ocr_carea' id='block_1_9' title="bbox 180 3883 916 3947">
    <p class='ocr_par' dir='ltr' id='par_1_10' title="bbox 180 3883 916 3947">
     <span class='ocr_line' id='line_1_28' title="bbox 180 3883 916 3947; baseline -0.001 -3"><span class='ocrx_word' id='word_1_204' title='bbox 180 3903 257 3944; x_wconf 89' lang='lat' dir='ltr'>anno</span> <span class='ocrx_word' id='word_1_205' title='bbox 271 3885 310 3944; x_wconf 77' lang='lat' dir='ltr'>cl</span> <span class='ocrx_word' id='word_1_206' title='bbox 321 3890 392 3944; x_wconf 88' lang='lat' dir='ltr'>autc</span> <span class='ocrx_word' id='word_1_207' title='bbox 404 3886 423 3945; x_wconf 84' lang='lat' dir='ltr'>J</span> <span class='ocrx_word' id='word_1_208' title='bbox 426 3885 488 3945; x_wconf 85' lang='lat' dir='ltr'>.-C.</span> <span class='ocrx_word' id='word_1_209' title='bbox 503 3917 540 3930; x_wconf 84' lang='lat'>·-</span> <span class='ocrx_word' id='word_1_210' title='bbox 553 3885 640 3943; x_wconf 87' lang='lat' dir='ltr'>Anno</span> <span class='ocrx_word' id='word_1_211' title='bbox 655 3883 810 3947; x_wconf 86' lang='lat' dir='ltr'>Ciceronis</span> <span class='ocrx_word' id='word_1_212' title='bbox 825 3886 864 3943; x_wconf 81' lang='lat'>43</span> <span class='ocrx_word' id='word_1_213' title='bbox 880 3915 916 3928; x_wconf 86' lang='lat'>-</span> 
     </span>
    </p>
   </div>
   <div class='ocr_carea' id='block_1_10' title="bbox 221 4071 1246 4152">
    <p class='ocr_par' dir='ltr' id='par_1_11' title="bbox 221 4071 1246 4152">
     <span class='ocr_line' id='line_1_29' title="bbox 221 4071 1246 4152; baseline 0.001 -21"><span class='ocrx_word' id='word_1_214' title='bbox 221 4072 247 4131; x_wconf 91' lang='grc'>1.</span> <span class='ocrx_word' id='word_1_215' title='bbox 272 4071 357 4146; x_wconf 92' lang='lat' dir='ltr'>Dico,</span> <span class='ocrx_word' id='word_1_216' title='bbox 373 4074 410 4132; x_wconf 92' lang='lat' dir='ltr'>P.</span> <span class='ocrx_word' id='word_1_217' title='bbox 428 4076 476 4143; x_wconf 76' lang='lat' dir='ltr'>C,</span> <span class='ocrx_word' id='word_1_218' title='bbox 492 4073 651 4151; x_wconf 87' lang='lat' dir='ltr'>superiore</span> <span class='ocrx_word' id='word_1_219' title='bbox 668 4079 765 4144; x_wconf 88' lang='lat' dir='ltr'>nocte,</span> <span class='ocrx_word' id='word_1_220' title='bbox 777 4075 934 4152; x_wconf 83' lang='lat' dir='ltr'>cujusdam</span> <span class='ocrx_word' id='word_1_221' title='bbox 948 4075 1080 4136; x_wconf 89' lang='lat' dir='ltr'>hominis</span> <span class='ocrx_word' id='word_1_222' title='bbox 1090 4073 1201 4134; x_wconf 88' lang='lat' dir='ltr'>nobilis</span> <span class='ocrx_word' id='word_1_223' title='bbox 1217 4079 1246 4132; x_wconf 92' lang='lat' dir='ltr'>et</span> 
     </span>
    </p>
   </div>
   <div class='ocr_carea' id='block_1_11' title="bbox 208 4303 998 4386">
    <p class='ocr_par' dir='ltr' id='par_1_12' title="bbox 208 4303 998 4386">
     <span class='ocr_line' id='line_1_30' title="bbox 208 4303 998 4386; baseline 0.009 -37"><span class='ocrx_word' id='word_1_224' title='bbox 208 4303 214 4338; x_wconf 80' lang='lat'><strong>¹</strong></span> <span class='ocrx_word' id='word_1_225' title='bbox 232 4307 264 4350; x_wconf 80' lang='lat' dir='ltr'>ne</span> <span class='ocrx_word' id='word_1_226' title='bbox 276 4308 317 4351; x_wconf 82' lang='lat' dir='ltr'>hac</span> <span class='ocrx_word' id='word_1_227' title='bbox 328 4310 433 4354; x_wconf 87' lang='lat' dir='ltr'>oratione</span> <span class='ocrx_word' id='word_1_228' title='bbox 443 4315 604 4386; x_wconf 72' lang='lat' dir='ltr'>argumentum</span> <span class='ocrx_word' id='word_1_229' title='bbox 616 4310 710 4356; x_wconf 78' lang='lat' dir='ltr'>Asconii</span> <span class='ocrx_word' id='word_1_230' title='bbox 720 4310 843 4369; x_wconf 82' lang='lat' dir='ltr'>legandum</span> <span class='ocrx_word' id='word_1_231' title='bbox 854 4318 897 4356; x_wconf 86' lang='lat' dir='ltr'>est.</span> <span class='ocrx_word' id='word_1_232' title='bbox 996 4359 998 4362; x_wconf 70' lang='grc'>,</span> 
     </span>
    </p>
   </div>
   <div class='ocr_carea' id='block_1_12' title="bbox 0 0 1516 4944">
    <p class='ocr_par' dir='ltr' id='par_1_13' title="bbox 0 0 1516 4944">
     <span class='ocr_line' id='line_1_31' title="bbox 0 0 1516 4944; baseline 0 2"><span class='ocrx_word' id='word_1_233' title='bbox 0 0 1516 4944; x_wconf 95' lang='lat' dir='ltr'> </span> 
     </span>
    </p>
   </div>
  </div>
 </body>
</html>
