3024 4944
253 345 507 396 rRAoMuNTn
528 345 769 399 ORATIONUM
790 343 1118 396 DEPERDITARUM
1172 344 1216 396 177

341 869 495 924 ORATIO
519 871 599 926 PRO
623 871 663 928 M.
688 871 848 926 AEMILIO
870 869 1034 926 SCAURO

157 1045 196 1083 EX
220 1019 424 1080 RRCEHIONE
440 1039 553 1078 cenom
569 1041 683 1077 BEYERI
700 1042 763 1078 CUM
781 1041 1026 1079 SUPPLEMENTIS
1043 1044 1201 1092 EJUSDEM,

345 1122 412 1167 0ὓῆ
426 1121 575 1159 LITTERIS
593 1121 787 1160 INGLINA'I'IS
805 1122 1023 1160 EXGUDUNTUR

183 1311 208 1370 Ι.
232 1309 261 1368 1.
293 1325 325 1370 e.
356 1307 492 1370 Maxime
517 1308 578 1368 fuit
600 1309 766 1386 optandum
791 1311 833 1370 M.
858 1311 986 1384 Scauro,
1012 1311 1144 1388 judiees,
1168 1319 1215 1389 ut3

141 1416 226 1476 nullo
240 1420 380 1492 suscepto
395 1415 577 1492 cujusquam
592 1416 672 1492 odio,
691 1416 757 1476 sine
772 1417 938 1478 offensione
956 1422 991 1478 ae
1013 1419 1154 1478 molestia
1168 1418 1214 1452 **

140 1522 289 1582 retineret
306 1521 351 1601 (id
370 1523 449 1598 quod
464 1523 619 1601 oraeeipue
643 1540 763 1600 semper
779 1523 912 1600 studuit)
926 1527 1059 1601 generis,
1075 1526 1224 1604 familiae,

140 1631 271 1690 nominis
286 1631 478 1707 dignitatem.
497 1630 760 1712 [Verumtamem
777 1633 933 1709 quoniam
954 1634 1003 1693 im
1022 1637 1099 1694 tulit
1113 1653 1212 1694 eorus

140 1741 297 1816 infestus,
309 1758 377 1798 uou
388 1741 613 1800 recusandum
622 1740 687 1798 eidi
695 1742 893 1812 arbitratur,
901 1759 966 1817 quo
976 1743 1086 1800 miuus
1097 1744 1212 1804 eudem

137 1851 279 1920 fortuma
293 1844 420 1921 ututur,
434 1855 621 1922 quaproter,
641 1847 699 1923 qui
712 1865 938 1922 saepenumero
952 1849 992 1908 ad
1008 1849 1152 1908 mimicis
1167 1852 1212 1910 ad

138 1953 432 2014 sementationem
442 1938 577 2012 noenius
592 1951 668 2033 est]
680 1955 717 2015 D.
736 1955 941 2031 Augustinus.
960 1935 1099 2034 Princip.
1116 1958 1208 2018 Rhet.
1290 2001 1292 2007 -

137 2082 167 2139 p.
187 2063 258 2138 328,
275 2065 367 2141 Oapp.
385 2095 422 2110 -
433 2064 607 2124 Arusianus
622 2066 757 2140 Messus,
772 2083 801 2142 p.
818 2065 888 2125 260,
908 2066 1016 2145 Lind.)
1103 2085 1104 2088 ¹

177 2170 206 2231 1.
230 2171 259 2231 d.
292 2169 480 2252 [Summum
500 2181 622 2232 nostru
648 2174 792 2232 civitatis
821 2175 930 2232 virum
960 2177 1081 2234 eotenus
1110 2193 1210 2235 noeu-

132 2286 246 2339 eatum
260 2296 281 2337 a
296 2279 342 2338 M.
359 2278 479 2338 Brute.
500 2277 652 2338 Emetnut
675 2280 854 2351 erutiones,
879 2297 921 2338 eu
935 2281 1049 2356 quibus
1065 2281 1209 2357 iutelligit

133 2396 241 2462 potest
254 2389 361 2448 multa
371 2388 408 2447 iu
423 2388 520 2446 illum
533 2387 642 2463 iprum
656 2387 823 2448 Scaurum
843 2405 910 2446 esee
923 2389 1024 2448 dieto.
1041 2421 1080 2432 -
1094 2390 1204 2449 Foloe.

138 2494 216 2561 Quis
225 2496 345 2572 nepot?
374 2494 606 2576 Verumtamen
621 2496 661 2553 ab
675 2495 807 2553 iuimieo
823 2495 911 2556 diota
925 2501 958 2553 et
972 2490 1126 2572 objectu]

173 2600 276 2661 Subiit
293 2602 386 2663 etiam
403 2601 509 2679 populi
523 2601 676 2680 judicium
702 2601 877 2678 inquirente
900 2603 954 2662 Gn.
980 2601 1125 2674 Domitio,
1145 2599 1206 2659 tri-

133 2709 213 2768 buno
226 2709 335 2786 plebis.
348 2709 544 2789 (Assooniu.)

171 2819 202 2877 2.
226 2819 308 2877 Reus
332 2822 380 2875 est
399 2816 500 2877 faetus
521 2835 538 2876 a
563 2818 599 2888 Q.
631 2816 768 2876 Servilio
793 2816 932 2893 Oeepione
960 2817 1030 2892 lege
1058 2813 1201 2887 Servilia,

131 2945 225 3004 quum
243 2924 361 3003 judicia
379 2941 471 3002 penes
495 2929 667 3001 equestrem
683 2924 822 2984 ordinem
837 2930 938 2984 essent
958 2930 1000 2996 et,
1023 2925 1061 2984 P.
1084 2922 1202 2983 Rutilio

130 3034 284 3110 damnato,
300 3049 388 3092 nemo
406 3037 469 3090 tam
493 3031 639 3092 innoeens
662 3030 832 3108 videretur,
858 3037 966 3090 utnon
985 3031 1108 3092 timeret
1134 3029 1198 3090 illa.

129 3141 255 3222 (Idem.)

168 3251 199 3312 3.
223 3251 269 3310 Ab
291 3248 396 3307 eodem
411 3247 503 3306 eiiam
517 3248 586 3324 lege
604 3249 700 3309 Varia
719 3253 823 3308 eustos
842 3248 896 3308 ille
918 3248 964 3306 rei
979 3246 1111 3323 publieae
1125 3263 1201 3322 pro-

129 3357 255 3417 ditionis
278 3361 325 3415 est
347 3355 377 3413 in
400 3355 517 3414 crimen
542 3362 670 3416 vocatus
689 3379 696 3416 ε
717 3363 848 3416 vexatus
868 3376 885 3415 a
903 3357 940 3426 Q.
958 3355 1053 3414 Vario
1074 3353 1199 3412 tribuno

127 3467 227 3544 plebis
241 3472 288 3526 est
303 3484 361 3546 non
376 3466 472 3525 multo
487 3471 567 3523 ante.
584 3461 708 3543 (Idem.)

167 3563 296 3654 [Hujus
311 3574 490 3666 multorum
504 3573 682 3629 calumniis
699 3572 810 3630 venati
825 3571 891 3628 uiri
912 3571 1033 3644 filium,
1052 3564 1196 3640 judiees,

128 3680 335 3740 uuuet'uoidt'
347 3687 445 3755 utque
460 3678 586 3736 inimiei
597 3675 817 3751 r'puome'uz'oso
829 3676 1094 3751 repetundarum
1104 3671 1198 3745 judi·

126 3792 174 3846 oio
182 3787 391 3864 perfundere
405 3787 528 3843 uolunt.
545 3784 633 3857 Ejus
649 3801 784 3843 eausam
797 3793 835 3841 ut
851 3783 1040 3856 reciperem,
1057 3780 1199 3837 lineolae·

127 3894 252 3953 rieeimi
263 3894 372 3967 petris
386 3893 548 3950 memoriee
563 3889 677 3949 debere
693 3907 741 3948 me
761 3886 976 3968 existimavi]

167 4006 193 4060 4.
218 4017 250 4059 a.
273 3999 343 4059 Non
366 3997 447 4056 enim
468 4003 586 4056 tantum
609 3996 777 4055 admiratus
797 4011 865 4054 sum
889 4010 945 4070 ego
970 3992 1059 4051 illum
1084 3991 1196 4060 virum,

125 4109 204 4168 sieut
224 4123 340 4177 omnes,
357 4103 517 4165 sedetiam
532 4103 807 4183 praeoipuedilexi.
830 4102 955 4162 Primus
975 4099 1055 4160 enim
1077 4118 1125 4158 me
1140 4099 1199 4157 iia-

126 4216 267 4291 grantem
292 4210 394 4271 studio
415 4211 517 4270 laudis
537 4211 568 4270 in
590 4227 677 4288 spem
700 4207 834 4288 impulit,
851 4225 942 4286 posse
964 4205 1112 4266 virtutem
1132 4204 1199 4264 sine
