3024 4944
282 421 328 472 192
382 422 634 473 FRAGMENTA
656 420 899 472 onsr1osdnt
921 419 1246 469 DEPERDITARUM

281 544 384 602 multo
393 543 536 617 majores
545 544 719 618 effusiones
726 559 788 618 pro
801 557 903 600 censa
913 547 969 598 tato
979 542 1015 598 ia
1027 541 1187 598 columnis
1200 542 1345 615 sociares,

281 667 381 727 qaam
396 653 475 726 ipse,
491 659 607 710 atram
625 651 759 710 tandem
779 653 950 727 sponsione
964 650 1053 708 vitici
1068 664 1196 707 neeesse
1216 649 1348 724 fuisset,

281 775 399 818 eamne
422 760 481 835 qai
511 759 546 817 in
572 765 641 816 tam
660 759 769 834 amplo
800 761 851 817 rei
877 759 1061 834 familiaris
1087 773 1188 834 quam
1215 757 1351 831 paterni

281 866 422 924 comitiis
433 866 636 940 patrimonio
651 873 799 924 ornasset
815 867 1011 942 diyaitatem
1025 865 1131 932 demo,
1151 881 1197 921 aa
1207 881 1282 922 aum
1292 864 1352 938 qai

244 1051 252 1060 μ
281 989 400 1050 maana
416 974 452 1030 in
464 989 528 1032 oere
540 974 650 1032 altatio
664 982 766 1033 totam
778 990 821 1032 eor
834 973 927 1032 domo
942 973 1140 1056 quaeiasett]

322 1081 372 1140 45.
396 1099 424 1139 o.
442 1081 516 1140 Haec
531 1099 624 1157 quum
633 1086 667 1141 tu
679 1080 815 1157 effugere
824 1099 884 1140 non
896 1073 1061 1158 potuisses,
1073 1081 1237 1142 contendes
1247 1087 1351 1142 umen

282 1192 313 1248 et
334 1186 516 1264 postulabis,
541 1191 576 1246 ut
592 1187 636 1246 M.
662 1185 812 1246 AEmilius
831 1203 900 1246 cum
918 1205 974 1246 sua
997 1187 1148 1266 dignitato
1169 1189 1263 1262 omni,
1281 1209 1353 1250 cum

281 1293 380 1372 patris
403 1293 563 1369 memoria,
581 1310 657 1352 cum
684 1292 735 1353 avi
763 1292 876 1370 gloria,
905 1293 1139 1372 sordidissimae,
1169 1295 1350 1366 levissima,

282 1401 458 1462 vanissimae
473 1400 570 1478 genti,
585 1419 620 1460 ao
631 1418 726 1478 prope
742 1400 841 1462 dicam
853 1402 969 1486 pellitis
989 1405 1122 1464 testibus
1141 1405 1354 1465 condonetur?

282 1507 477 1592 (Asconius.)

323 1615 373 1676 46.
396 1616 538 1692 Undique
560 1614 636 1675 mihi
659 1615 833 1692 suppeditat
856 1617 936 1692 qnod
955 1635 1011 1694 pro
1031 1620 1075 1678 M.
1098 1621 1216 1680 Scauro
1237 1621 1351 1696 dicam,

283 1741 472 1799 quocumque
500 1741 559 1782 non
587 1722 675 1782 modo
704 1740 800 1793 mens,
826 1725 1048 1784 verumetiam
1071 1727 1151 1786 oculi
1174 1726 1352 1788 inciderint.

257 1849 260 1856 ·
283 1829 442 1889 Guriailla
463 1847 519 1888 vos
543 1828 581 1888 de
604 1829 790 1906 gravissimo
814 1829 987 1907 principatu
1002 1832 1100 1908 patris
1121 1832 1355 1910 fortissimoque
1385 1808 1389 1814 ¹

282 1941 430 2013 testatur;
446 1937 483 1996 L.
500 1935 565 2012 ipse
587 1937 744 2008 Metellus,
766 1954 843 1995 avus
860 1937 964 2014 hujus,
980 1939 1189 1999 sanctissimos
1206 1940 1279 2000 deos
1298 1942 1356 2002 illo

283 2044 477 2105 constituisse
495 2042 506 2079 ¹
528 2043 640 2120 templo
655 2043 779 2102 videtur
795 2045 827 2103 in
847 2049 953 2112 restro
968 2051 1142 2122 conspectu,
1164 2048 1297 2126 judices,
1320 2055 1357 2108 ut

284 2153 414 2214 salutem
437 2169 455 2211 a
479 2149 566 2210 vobis
587 2149 706 2227 nepotis
729 2150 777 2210 sui
799 2151 1039 2228 deprecarentur
1063 2152 1253 2234 (Asconius),
1273 2157 1355 2232 quod
1397 2202 1407 2218 ,

284 2261 343 2338 ipsi
358 2260 553 2337 saepemultis
564 2259 776 2322 laborantibus
790 2266 881 2336 atque
895 2259 1133 2339 implorantibus
1143 2279 1199 2339 ope
1214 2281 1269 2322 sua
1283 2265 1357 2322 sub·

284 2369 453 2430 venissent.

324 2477 374 2536 47.
399 2475 582 2553 Capitolium
610 2474 688 2535 illud
710 2474 833 2551 templis
855 2475 957 2535 tribus
987 2475 1189 2545 illustratum,
1215 2476 1356 2553 paternis

284 2589 376 2660 atque
388 2583 480 2644 etiam
495 2583 587 2660 hujus
597 2581 797 2659 amplissimis
811 2581 901 2642 donis
915 2583 1017 2642 ornati
1031 2581 1133 2642 aditus
1147 2583 1236 2643 Jovis
1246 2583 1355 2660 optimi

283 2691 420 2762 maximi,
440 2689 570 2752 Junonis
590 2689 730 2766 Reginae,
753 2689 916 2766 Minervae,
941 2691 985 2750 M.
1011 2691 1161 2750 Scaurum
1182 2690 1263 2767 apud
1285 2687 1355 2771 [voa

284 2802 441 2861 memoria
466 2801 569 2876 lajas
595 2799 831 2874 munificentiae
856 2805 888 2856 et
916 2798 1128 2858 liberalitatis
1149 2799 1291 2874 publicae
1313 2801 1355 2860 ab

283 2912 373 2970 omai
393 2911 546 2969 avaritiae
562 2914 623 2967 nat
643 2907 837 2983 cupiditatis
850 2908 1038 2994 suspicione
1052 2907 1254 2983 defendam&
1275 2927 1357 2985 pro-

281 3020 413 3094 pinqua
437 3016 497 3074 itta
521 3016 605 3074 aedes
638 3015 739 3074 Veatoe
760 3013 914 3072 admotaet
933 3031 988 3072 vos
1009 3022 1048 3072 at
1066 3011 1301 3095 recordemini]
1318 3017 1356 3076 48

283 3123 369 3184 illius
383 3123 419 3182 L.
437 3121 567 3190 Metelli,
583 3119 738 3198 pontificis
760 3119 897 3195 maximi,
923 3118 986 3195 qui,
1003 3137 1097 3196 quum
1114 3120 1262 3197 templum
1276 3121 1356 3182 illud

284 3230 418 3304 arderet,
431 3229 463 3287 in
478 3229 594 3288 medios
609 3245 642 3287 se
656 3226 762 3304 injecit
772 3226 860 3302 ignes
874 3231 904 3285 et
912 3225 1029 3304 eripuit
1042 3226 1165 3286 flamma
1178 3228 1355 3288 Palladium

283 3337 372 3411 illud,
386 3336 465 3412 quod
479 3336 566 3413 quasi
576 3336 689 3413 pignus
705 3339 819 3393 nostrae
833 3333 943 3393 salutis
965 3339 1057 3410 atque
1071 3333 1193 3411 imperii
1208 3335 1356 3396 custodiis

283 3442 387 3502 Vestae
401 3440 585 3499 continetur.
598 3440 656 3511 Qui
672 3440 789 3500 utinam
804 3444 909 3518 posset
922 3455 1087 3516 parumper
1101 3439 1267 3499 exsistere!
1281 3440 1357 3500 Eri—

283 3552 370 3623 peret
383 3563 421 3605 ex
439 3545 496 3605 hac
509 3544 630 3605 flamma
653 3544 781 3622 stirpem
801 3543 939 3622 proiecto
955 3560 1053 3614 snam,
1070 3541 1122 3618 qui
1136 3541 1303 3619 eripuisset
1316 3560 1356 3602 ex

282 3651 338 3712 illo
354 3651 493 3711 incendio
511 3648 672 3732 di[oiaam
687 3651 924 3710 incolomitatis
939 3657 1060 3710 nostra
1072 3651 1206 3727 piparas.
1223 3651 1357 3728 Perme-

284 3777 360 3818 veor
374 3761 571 3836 coquitatione
586 3768 655 3819 tam
666 3776 793 3834 parum
806 3758 970 3817 sacerdoti
991 3758 1066 3816 deos
1089 3774 1158 3815 esse
1180 3759 1353 3834 propitios,

284 3873 320 3926 at
342 3884 383 3925 ae
402 3867 525 3925 servati
541 3866 675 3944 quidem
694 3873 823 3926 servent
837 3863 910 3939 ejas
925 3881 1029 3940 pertas
1052 3865 1163 3924 tateloe
1178 3882 1247 3924 aaa
1267 3881 1354 3924 com-

284 3973 496 4055 menda]tum.

324 4085 372 4144 49.
398 4087 442 4144 Te
457 4102 543 4160 vero,
559 4086 603 4144 M.
617 4083 744 4151 Scauro,
761 4081 900 4160 equidem
914 4081 1016 4156 video,
1033 4080 1134 4149 video,
1146 4080 1281 4157 inquam,
1295 4099 1354 4141 non

312 4304 321 4340 ¹
337 4305 403 4349 Haeo:
420 4307 495 4351 tuisse
505 4307 593 4362 tempto
603 4307 700 4351 videtur
710 4318 786 4364 usque
795 4305 826 4350 ad
835 4304 904 4350 tinem
915 4303 984 4348 habet
993 4303 1067 4350 codex
1075 4302 1235 4349 laurinensis.
