3024 4944
291 371 337 424 176
392 371 644 436 FRAGMENTA
665 369 906 424 ORATIONUM
927 367 1255 420 DEPERDITARUM

377 814 496 870 XVIII.
517 845 552 858 -
570 813 728 868 ORATIO
747 811 828 866 PRO
851 811 890 864 M.
917 813 1077 866 AEMlblO
1101 810 1268 866 SCAURO

619 993 824 1028 sedunensem
837 993 1019 1027 meroaldus!

328 1127 362 1188 Si
390 1127 477 1188 nobis
505 1128 566 1188 alia
593 1129 734 1188 deessent
760 1127 947 1205 testimonia,
973 1147 1034 1189 una
1063 1129 1233 1189 Scauriana
1258 1128 1361 1190 oratio
1390 1139 1399 1145 “

287 1234 405 1296 abunde
419 1237 564 1312 probaret
587 1253 742 1312 nunquam
756 1254 774 1295 a
788 1235 987 1297 defendendis
1002 1237 1123 1296 civibus
1139 1237 1362 1298 sublevandis-

287 1364 345 1422 que
360 1345 538 1405 Oieeronem
553 1343 743 1414 discessisse,
759 1362 889 1420 quorum
904 1345 956 1404 vel
970 1345 1053 1418 furta
1068 1343 1202 1403 maxima
1215 1345 1267 1403 vel
1282 1342 1362 1401 faei-

287 1472 361 1513 nora
375 1461 445 1513 ante
463 1451 596 1511 omnium
615 1451 719 1510 oeulos
735 1437 834 1528 posita
852 1451 919 1527 ipse
941 1456 1088 1527 noverat;
1107 1449 1159 1508 sed
1173 1449 1230 1508 illa
1245 1465 1305 1506 nen
1321 1449 1360 1506 oh

286 1581 353 1623 eam
370 1581 435 1622 rem
458 1561 544 1621 nobis
564 1565 612 1619 est
635 1558 725 1619 hodie
744 1559 887 1636 legenda,
910 1558 964 1618 sed
985 1561 1022 1618 ob
1043 1559 1100 1617 hoo
1122 1557 1193 1634 quia
1217 1557 1360 1632 quaedam

233 1741 237 1756 ι
287 1689 366 1731 nova
393 1672 431 1731 de
454 1669 653 1746 judicialibus
676 1669 782 1727 Romae
803 1667 1074 1726 consuetudinibus
1094 1666 1146 1725 vel
1169 1665 1286 1741 detegit
1306 1665 1360 1724 vel

286 1778 456 1837 confirmat.
475 1777 549 1836 Tria
563 1776 644 1834 enim
661 1775 743 1851 inde,
761 1794 828 1852 quae
848 1779 919 1834 sunt
933 1775 1022 1834 nobis
1037 1772 1273 1852 diligentissime
1288 1772 1360 1830 ani-

286 1884 515 1957 madvertenda,
532 1882 704 1942 didicimus.
728 1885 772 1942 Ea
791 1889 974 1960 tempestate
997 1881 1210 1942 illustrissima
1230 1896 1360 1958 quaeque

286 2011 376 2052 eausa
391 2011 408 2052 a
422 1991 564 2069 pluribus
588 1990 825 2061 defendebamus
838 2008 892 2050 seu
911 1996 1006 2050 totam
1025 2009 1148 2054 oausam
1168 2009 1221 2050 seu
1236 1996 1358 2068 partem

284 2107 404 2161 tantum
427 2101 543 2160 diceret
562 2099 691 2160 delectis
711 2119 790 2159 unus
814 2100 1000 2176 apamenis,
1025 2099 1105 2176 quod
1129 2098 1252 2174 quidem
1275 2117 1358 2178 saepe

285 2214 418 2268 testatur
432 2208 442 2243 ¹
458 2209 575 2281 Gioero,
596 2208 644 2266 oui
665 2208 892 2284 perorationem
913 2225 1018 2267 omnes
1035 2207 1237 2268 libentissime
1256 2209 1358 2268 relin-

286 2317 436 2391 quebant3
462 2320 624 2392 praeterea,
651 2315 697 2373 rei
718 2315 903 2374 nobilissimi
925 2315 995 2375 istis
1019 2333 1140 2392 semper
1154 2313 1357 2392 judicialibus

285 2423 509 2482 laudationibus
521 2423 695 2498 utebantur,
708 2441 775 2498 quae
789 2429 895 2482 nostra
906 2428 996 2482 aetate
1006 2423 1128 2482 omnino
1140 2421 1355 2499 repudiantur,

285 2532 465 2609 quibusque,
483 2536 517 2592 ut
539 2531 583 2589 ita
598 2531 707 2601 dicam,
725 2532 797 2591 freti
818 2551 852 2592 ae
867 2533 1001 2601 subnixi,
1014 2532 1156 2612 judicem·
1168 2536 1220 2591 aut
1233 2549 1358 2610 permo-

285 2645 399 2702 vebant
414 2649 465 2702 aut
486 2643 660 2720 terrebant;
682 2643 822 2720 denique,
838 2649 872 2702 ut
886 2645 1046 2704 absolutus
1064 2642 1159 2702 eliens
1178 2641 1358 2701 demittere-

283 2755 346 2822 tur,
357 2750 523 2827 tragaedias
532 2749 675 2829 (verbum
686 2757 786 2810 autem
797 2751 944 2812 usitatum
956 2749 1083 2829 usurpo)
1093 2751 1216 2827 patroni
1229 2769 1354 2810 movere

284 2864 373 2935 atque
383 2858 518 2918 excitare
528 2877 587 2917 non
598 2859 787 2918 dubitabant.
802 2860 890 2920 Certe
903 2859 934 2917 in
946 2859 1055 2918 Scauri
1068 2876 1159 2918 eausa
1171 2877 1231 2917 non
1249 2857 1356 2919 Oioero

284 2964 460 3025 dilorieavit
478 2964 489 3000 ²
508 2965 654 3040 tunicam,
678 2983 731 3024 neo
746 2983 874 3041 puerum
888 2965 1036 3026 infantem
1055 2965 1244 3028 inmanibus
1262 2988 1356 3045 pero-

283 3089 354 3131 rans
369 3070 380 3106 ³
394 3070 503 3146 tenuit,
519 3089 584 3140 neo,
603 3068 725 3132 sublato
739 3072 803 3130 filio
818 3072 863 3130 rei
875 3090 984 3149 parvo,
1000 3076 1148 3152 plangore
1164 3081 1194 3134 et
1208 3076 1355 3139 lamenta-

284 3179 366 3237 tione
380 3176 545 3253 complevit
555 3177 654 3236 iorum
663 3199 670 3254 ;
687 3179 738 3237 sed
754 3179 791 3238 ad
806 3179 899 3255 pedes
910 3180 1051 3258 judicum
1064 3182 1186 3257 patroni
1202 3198 1232 3243 et
1246 3184 1355 3244 lauda-

283 3292 376 3354 tores,
397 3283 539 3343 bifariam
561 3283 731 3358 distributi,
754 3303 818 3345 sese
840 3289 1027 3365 abjecerunt.
1051 3290 1133 3347 Ante
1160 3290 1261 3349 omnia
1275 3292 1354 3352 enirn

283 3411 407 3454 neeesse
417 3400 482 3453 erat
497 3399 530 3453 ut
540 3393 770 3472 perturbatione
780 3395 891 3456 mentis
899 3395 1025 3474 impulsi
1035 3396 1157 3475 Judioes
1171 3399 1353 3459 sententiam

283 3501 402 3570 darent,
420 3502 560 3580 quamvis
584 3508 677 3563 tantae
698 3504 855 3582 tragaediae
877 3523 912 3564 ea
933 3505 1114 3565 damnarent
1134 3505 1264 3584 judicia,
1287 3527 1352 3583 quae

282 3610 343 3668 tale
359 3610 468 3687 agendi
486 3629 521 3670 ae
540 3611 704 3689 perorandi
721 3630 817 3689 genus
838 3612 1005 3690 plurimum
1025 3615 1132 3672 valere
1146 3615 1350 3691 patiebantur.

322 3718 435 3777 Habita
463 3726 510 3776 est
543 3718 645 3777 oratio
670 3721 754 3782 Coss,
784 3719 819 3778 L.
854 3719 988 3780 Domitio
1018 3721 1238 3791 Ahenobarbo,
1270 3725 1350 3800 App.

282 3826 410 3886 Claudio
424 3827 573 3903 Pulchro,
590 3846 668 3887 anno
684 3827 722 3888 54
741 3834 810 3886 ante
825 3829 842 3888 J
847 3831 908 3890 .-O.
927 3831 1070 3890 -Anno
1089 3829 1245 3890 Oieerouis
1261 3831 1310 3892 53.

307 4001 316 4035 l
332 4004 427 4053 Brutus,
437 4013 456 4046 e.
468 4015 524 4047 Lvu.
536 4029 562 4036 -
576 4006 666 4055 Orator,
677 4017 688 4045 r
709 4017 797 4050 xxxvu.

307 4075 318 4112 ²
331 4079 365 4120 De
374 4080 477 4131 Oratore,
487 4078 527 4122 lib.
539 4080 569 4133 ΙΙ,
579 4093 600 4124 e.
611 4090 695 4123 xxvur.

303 4150 314 4186 3
329 4152 423 4204 Orator,
432 4162 452 4196 e.
465 4162 566 4194 xxxvm.

664 4306 969 4316 m
