3024 4944
254 372 506 426 FRAGMENTA
528 372 767 425 ORATIONUM
788 371 1114 422 DEPERDITARUM
1171 371 1225 424 179.

149 509 242 551 unum
268 493 415 552 ox-omni
441 493 588 553 momoria
615 492 888 556 sceleratissimum
917 497 957 550 at*
979 490 1216 552 audacissimum

147 599 243 660 faisse
266 583 437 677 accepimus
457 623 464 660 :
486 607 589 659 tamen
613 618 672 658 non
691 599 843 676 timerem,
862 617 1015 658 venenum
1030 599 1144 675 hospiti
1164 606 1217 658 aut

147 707 285 767 convivae
309 708 336 768 si
359 707 513 768 dicoretur
532 707 654 768 cenanti
669 708 706 766 ab
727 705 782 767 illo
802 708 916 776 datum,
933 706 984 767 oui
1007 724 1105 782 nequo
1125 707 1217 768 hares

147 830 244 891 neque
262 815 362 874 iratus
375 815 494 891 fuisset,
511 813 566 895 [ne
580 816 634 874 cni
651 815 710 874 boc
725 815 880 874 credibile
894 811 1088 894 oiderctnr]
1103 813 1216 893 (Asco-

147 920 245 999 nius.)

185 1029 215 1088 6.
245 1027 366 1108 [Venio
390 1031 463 1106 jam
490 1032 535 1090 ad
561 1032 686 1088 crimen
710 1031 959 1090 incontinentiae
987 1031 1215 1108 intemperan-

146 1143 263 1218 ticeqne
278 1143 463 1214 libidinum,
489 1143 586 1216 cnjas
606 1150 720 1200 notam
739 1151 913 1202 accusator
936 1141 1064 1202 Scanro
1079 1139 1234 1219 ejasqne'

144 1255 245 1324 famae
271 1250 407 1308 inarare
430 1251 544 1308 volnit.
567 1283 606 1290 -
628 1249 810 1326 Conjnyem
830 1267 942 1325 snam,
967 1251 1092 1326 inanit,
1116 1265 1216 1326 qnam

145 1357 215 1430 ipse
227 1357 369 1425 amabat,
382 1357 477 1415 istinc
492 1357 633 1415 incensae
646 1355 779 1414 libidini
793 1363 891 1433 atqae
905 1359 1074 1431 effrenatae
1089 1358 1215 1432 capicli-

146 1460 221 1540 tatc]
245 1480 337 1537 quum
361 1463 435 1521 dare
459 1462 555 1521 nollet
575 1462 659 1537 Acis,
690 1463 769 1520 clam
796 1480 834 1520 ex
861 1460 1003 1522 Sardinia
1030 1468 1077 1521 est
1105 1462 1213 1540 fugace

147 1577 280 1631 coactus
295 1570 501 1650 (Priscianus,
514 1570 570 1629 lib.
586 1571 641 1644 Vi,
660 1589 689 1646 p.
706 1568 795 1648 689.)

72 1703 74 1709 “
184 1683 214 1739 7.
239 1677 385 1760 [Scilicet
407 1681 525 1739 relicta
545 1681 615 1738 illic
635 1696 740 1738 encore
762 1681 833 1755 ipse
845 1685 931 1756 faya
949 1679 1012 1739 sibi
1033 1683 1212 1756 consalail,

143 1785 418 1865 quemadmodum
432 1793 589 1859 castorea,
602 1793 641 1843 nt
657 1787 765 1858 aiunl,
783 1804 804 1843 a
817 1783 1039 1866 aenatoribus]
1061 1786 1216 1846 redimunt

144 1910 177 1952 so
192 1911 226 1951 ea
245 1898 332 1969 parte
354 1892 503 1969 corporis,
518 1897 643 1968 proptor
658 1909 747 1967 quam
773 1892 903 1951 maximo
926 1897 1123 1970 expetuntur.
1143 1893 1216 1972 (isi-

144 2001 248 2075 dorus,
274 2001 390 2075 Etym„
416 1999 470 2057 lib.
495 1999 568 2074 XII,
595 2017 622 2058 c.
645 2016 680 2060 11.
699 2029 737 2042 -
753 1998 882 2058 Servius
901 2000 941 2058 ad
965 2001 1091 2076 Georg„
1117 1999 1170 2058 lib.
1189 2001 1212 2070 i,

121 2125 175 2187 ¹v.
200 2097 267 2183 59.)

183 2217 212 2274 8.
236 2212 323 2295 [Sed
341 2222 380 2273 nt
402 2215 553 2274 Sconrns
579 2215 727 2272 omninm
752 2215 921 2272 hominnm
935 2214 1206 2274 dissolutissimae

143 2319 492 2395 libidinosissimnsqne
507 2337 634 2396 semper
647 2322 763 2394 faerit,
782 2329 891 2380 lamen
913 2319 1106 2379 incredibile
1118 2320 1212 2378 olictn

141 2435 201 2501 est,
220 2426 366 2500 jndices,
390 2426 477 2502 qnod
495 2425 645 2485 Triaria-s
666 2426 809 2494 addidit,
835 2425 953 2484 Arinis
968 2443 1106 2484 canorem
1124 2443 1214 2502 proe-

72 2535 75 2542 '
142 2537 224 2594 loris
240 2533 378 2593 licentia
393 2534 547 2592 adactam
561 2551 641 2610 esse,
654 2541 692 2592 nl
705 2535 844 2609 injcarioe
859 2534 1041 2593 remedi-am
1056 2539 1159 2592 morte
1174 2549 1214 2590 ac

140 2641 319 2716 suspendio
335 2647 504 2717 quareret.
521 2641 583 2699 Hic
603 2643 691 2700 enim
703 2643 834 2717 primns
858 2649 890 2700 et
913 2659 988 2700 cam
1004 2641 1111 2700 bestiis
1126 2658 1212 2699 com-

142 2750 250 2806 manis
260 2747 385 2806 bomini
397 2747 442 2806 ad
450 2750 687 2807 omnemoilam
703 2750 863 2807 amendam
877 2751 1046 2824 appetitas
1057 2767 1076 2808 a
1087 2759 1214 2814 antara

142 2859 242 2918 datas
261 2866 320 2932 est,
338 2877 401 2934 qno
417 2860 487 2933 ipse
508 2858 573 2916 sibi
588 2859 788 2918 concilialnr
809 2868 841 2918 ct
856 2860 1105 2920 commendatior
1119 2863 1164 2920 ad
1178 2880 1212 2922 se

141 2966 413 3040 conservandam,
436 2966 607 3026 alienabar
629 2974 741 3024 antem
756 2967 797 3025 ab
812 2968 962 3043 interita,
980 2969 1085 3044 iisqne
1100 2971 1208 3041 rebels,

141 3094 214 3154 qnae
227 3076 400 3134 inleritnm
414 3075 594 3132 videaninr
609 3073 756 3152 afferre.)

89 3260 92 3265 .
180 3183 223 3244 Ι·Ι.
247 3183 274 3240 1.
299 3200 330 3241 a.
355 3179 417 3255 Sic,
438 3179 574 3255 inquam,
592 3198 635 3250 so,
651 3181 784 3258 judices,
809 3199 859 3241 res
879 3182 980 3244 hahet.
1003 3182 1110 3259 Neque
1123 3183 1211 3242 hoca

140 3308 188 3348 mc
203 3307 316 3350 novum
339 3288 525 3364 disputatur,
548 3288 601 3347 sod
616 3289 778 3366 quaesitum
799 3291 837 3350 ab
857 3290 926 3349 aliis
950 3297 1007 3350 est.
1029 3289 1209 3370 (Asconius,

140 3395 223 3455 circa
237 3395 359 3454 tertiam
374 3399 493 3471 partem
508 3395 664 3474 aprima.)

182 3502 211 3561 1.
229 3502 256 3561 b.
273 3498 353 3582 [Sed
368 3509 476 3560 tamen
490 3503 525 3560 id
540 3506 588 3561 ita
602 3521 668 3562 csse
682 3507 840 3579 eacmplis
852 3505 990 3582 probari
1002 3513 1116 3580 potest.
1132 3508 1212 3566 Sta-

140 3609 239 3676 prala
258 3605 400 3678 pervim
423 3603 577 3662 Lucretia
592 3621 613 3661 a
634 3607 720 3680 roais
734 3609 816 3682 filia,
835 3613 953 3666 testata
969 3609 1064 3681 cives,
1086 3626 1118 3666 se
1138 3609 1211 3681 ipsa

141 3711 313 3769 interemit.
338 3710 403 3767 Hic
425 3711 517 3769 dolor
536 3727 639 3768 cansa
660 3714 790 3772 civitati
810 3714 969 3772 libertatis
990 3716 1070 3790 snit.
1097 3715 1146 3773 Ac
1168 3735 1210 3775 ne

139 3819 316 3890 fortissimi
325 3817 456 3892 qnidam
468 3819 544 3894 riri,
561 3798 628 3876 nisi
642 3821 678 3876 in
693 3829 840 3879 eactrema
859 3824 1049 3890 necessitate
1063 3824 1211 3898 alicnjns

140 3924 308 3982 dedecoris
331 3925 479 3982 evitandi
503 3942 617 3995 cansa,
635 3933 771 3984 mortem
791 3928 880 3985 altro
903 3931 1133 4004 appetiverant
1149 3952 1159 3987 :
1174 3940 1211 3990 nt

94 4013 97 4020 ’
140 4033 180 4090 P.
198 4032 338 4090 Crassns
357 4032 534 4091 Marcianas
552 4050 625 4091 cnm
644 4032 834 4092 Aristonico
859 4034 979 4094 bellam
998 4037 1033 4094 in
1053 4035 1137 4096 Asia
1149 4055 1210 4113 qe-

141 4157 225 4215 reas‚
236 4157 257 4198 a
270 4139 458 4210 Tbracibas,
470 4159 610 4217 amoram
623 4144 650 4199 is
663 4159 816 4218 maanaim
825 4160 1002 4202 nnmernm
1013 4143 1209 4219 inpraesidio

140 4247 285 4324 babebat,
307 4250 393 4308 inter
403 4249 528 4311 Elaeam
541 4257 573 4310 et
585 4250 764 4326 Smyrnam
779 4257 945 4328 acceptas,
957 4247 998 4310 n'e
1008 4250 1045 4311 in
1056 4249 1210 4314 ditionem
