3024 4944
241 305 285 354 158
345 300 599 354 FRAGMENTA
620 295 860 350 onustorum
882 293 1209 348 nurusotrsaum

239 429 308 484 avo,
331 409 510 488 majoribus,
537 407 639 488 credo,
662 408 796 478 silentio,
820 406 943 468 favente
967 406 1141 474 nobilitate',
1162 405 1245 466 nullo
1260 402 1310 460 in-

239 523 409 576 tercessore
424 523 610 593 comparato,
622 515 734 594 populo
743 533 869 575 romano
883 514 1013 580 deditet
1027 513 1308 590 potentissimorum

170 644 172 653 ¹
240 624 396 684 hominum
410 623 550 701 collegiis
562 623 676 701 eripuit
700 622 938 700 cooptandorum
958 622 1153 682 sacerdotum
1172 625 1310 698 potesta-

240 731 322 791 teml
335 730 459 812 (idem).

623 993 626 1002 ¹
703 935 849 999 Sequitur.

283 1097 313 1156 6.
338 1095 434 1168 Quidi
449 1096 530 1155 idem
544 1094 695 1156 Domitius
709 1096 752 1155 M.
770 1096 922 1172 Silanum,
939 1094 1132 1154 consularem
1143 1089 1307 1160 hominem,

242 1203 494 1281 quemadmodum
507 1204 650 1263 tribunus
664 1202 763 1278 plebis
779 1203 915 1263 vexavit.
933 1198 1056 1279 (Idem.)

282 1311 310 1367 7.
335 1309 409 1368 llaec
423 1315 471 1368 est
485 1308 695 1368 controversia
710 1307 873 1386 ejusmodi,
895 1313 929 1367 ut
951 1306 1063 1366 mihi...
1080 1304 1223 1364 tribunus
1239 1304 1311 1381 ple'-

242 1418 290 1477 bis
306 1420 358 1480 (ln.
372 1417 534 1488 Domitius,
552 1419 698 1479 Catulo...
714 1419 757 1477 M.
772 1416 934 1495 Terpolius
947 1413 1240 1490 contemptissimum
1254 1430 1309 1471 no-

243 1499 310 1583 men
326 1509 458 1602 ejectum
471 1543 539 1584 esse
554 1543 592 1583 ex
603 1524 653 1598 iis,
670 1523 721 1599 qui
735 1523 854 1582 tribuni
866 1523 964 1600 plebis
979 1522 1113 1581 fuerunt.
1132 1520 1252 1602 (Idem).
1365 1517 1374 1522 ’

282 1633 310 1690 8.
335 1633 415 1691 Nam
438 1649 534 1706 neque
548 1649 597 1689 me
611 1629 729 1688 divitiae
745 1634 879 1705 movent,
898 1629 1007 1704 quibus
1028 1647 1132 1688 omnes
1149 1629 1310 1689 Africanos

242 1745 272 1797 et
300 1738 411 1797 Laelios
435 1737 524 1796 multi
550 1736 694 1795 venalicii
718 1742 965 1811 mercatoresque
987 1741 1183 1814 superarunt,
1213 1753 1311 1812 neque

242 1846 338 1905 vestis
361 1851 413 1904 aut
431 1845 570 1903 caelatum
589 1862 698 1902 aurum
721 1850 752 1902 ct
771 1851 943 1921 argentum,
973 1863 1032 1920 quo
1050 1851 1172 1906 nostros
1188 1850 1310 1903 veteres

242 1955 406 2014 Marcellos
422 1953 633 2028 Maximosque
647 1952 736 2012 multi
751 1953 882 2012 eunuchi
901 1971 917 2010 e
939 1952 1032 2027 Syria
1046 1955 1247 2029 AEgyptoque
1261 1951 1312 2010 vi-

241 2068 363 2138 cerunt3
385 2079 481 2138 neque
504 2079 579 2119 vero
595 2066 772 2120 ornamenta
787 2060 847 2119 ista
861 2060 1021 2134 villarum,
1038 2059 1148 2136 quibus
1163 2057 1198 2118 L.
1214 2057 1310 2116 Paul·

242 2169 305 2228 lum
320 2175 350 2228 et
364 2170 399 2228 L.
422 2168 614 2235 Mummium,
632 2167 684 2243 qui
697 2169 789 2252 rebus
804 2167 852 2225 his
868 2168 983 2225 Urbem
994 2165 1175 2241 Italiamque
1184 2183 1308 2243 omnem

241 2275 442 2351 referserunt,
459 2253 497 2334 ab
511 2275 613 2351 aliquo
623 2275 713 2362 video
728 2273 873 2351 perfacile
882 2273 1006 2334 Deliaco
1017 2279 1069 2332 aut
1079 2275 1159 2349 Syro
1173 2272 1310 2350 potuisse

241 2371 392 2461 superari.
409 2381 484 2461 (Gic.
503 2382 626 2457 Orator,
644 2400 670 2440 c.
688 2399 815 2442 11111.-
833 2380 1041 2452 Quintilianus
1066 2380 1243 2452 lin.'1v,o.
1262 2395 1306 2437 Ν.

241 2523 279 2532 -—
294 2491 486 2564 Priscianus,
498 2489 553 2549 lib.
566 2491 607 2558 X,
621 2507 646 2548 c.
662 2487 720 2570 rx).

281 2601 309 2659 9.
335 2601 384 2659 Ad
397 2600 605 2659 miserrimum
619 2600 629 2634 ¹
643 2600 949 2676 crudelissimumque
964 2599 1151 2658 dominatum
1171 2598 1237 2658 dedi
1255 2615 1310 2674 pa-

242 2707 371 2766 tiamini.
389 2706 586 2787 (Arusianus,
602 2726 630 2784 p.
649 2709 718 2767 221.
736 2705 854 2784 Lind.).

283 2816 329 2876 10.
355 2817 452 2886 Quam
475 2814 640 2891 diligentes
659 2815 812 2874 libertatis
826 2833 882 2874 vos
901 2819 1040 2891 oporteat
1054 2831 1133 2873 esse.
1151 2812 1259 2891 (Idem,
1277 2833 1306 2890 p.

241 2923 310 2982 226.
330 2921 436 3002 Lind.)

283 3029 330 3088 11.
356 3031 389 3089 81
404 3049 460 3088 vos
483 3032 575 3109 huJus
601 3031 740 3091 fortunas
763 3050 931 3110 paucorum
954 3032 1024 3090 odio
1042 3029 1306 3109 adjudicaveritis

241 3136 349 3214 (Idem,
368 3156 395 3214 p.
413 3137 481 3196 2111.
499 3137 605 3218 Lind.)

282 3244 330 3305 12.
355 3244 430 3314 Quis
445 3250 508 3304 tam
522 3247 680 3306 abundans
695 3246 802 3324 copiis.
818 3246 1024 3326 (Priscianus
1035 3247 1088 3306 lib.
1103 3246 1257 3319 XVlll,c.
1271 3264 1307 3305 11.

244 3383 280 3393 -
295 3351 480 3425 Arusianus
497 3371 525 3429 p.
538 3353 608 3413 209.
622 3352 739 3431 Lind.).

283 3457 330 3514 13.
345 3457 414 3527 Qui
434 3457 599 3516 commodis
621 3459 725 3536 populi
749 3460 868 3520 romani
893 3459 999 3537 lingua
1023 3461 1181 3520 dumtaxat
1199 3478 1234 3518 ac
1253 3477 1310 3519 vo-

241 3562 357 3621 luntate
372 3565 536 3626 consuluit.
550 3563 747 3642 (Arusianus,
764 3585 792 3644 p.
806 3566 876 3627 226.
891 3568 1005 3647 Lind.).

282 3668 330 3730 14.
355 3671 532 3747 Expelleret
544 3689 562 3729 a
576 3670 832 3748 dispensantibus
851 3673 961 3753 (Idem,
974 3693 1003 3752 p.
1020 3675 1091 3736 228.
1111 3674 1228 3756 Lind.).

283 3777 331 3838 15.
355 3778 403 3838 Ne
417 3775 518 3836 fraudi
535 3777 577 3836 sit
588 3777 628 3847 ei,
646 3779 698 3853 qul
711 3781 856 3856 populum
876 3780 913 3840 ad
929 3781 1154 3841 contentionem
1179 3785 1309 3845 vocarit.

241 3884 383 3965 (Servius
397 3887 435 3946 ad
449 3887 577 3963 AEneid,
593 3887 647 3946 lib.
665 3889 721 3958 XI,
738 3907 769 3948 v.
783 3888 870 3967 708.)

620 3991 690 4072 [Eae
710 3997 748 4054 ed
773 3995 929 4076 Bairos]

268 4183 278 4240 1
287 4184 337 4233 llic
348 4182 403 4248 ordo
416 4181 600 4236 fragmentorum
612 4181 731 4235 paululum
744 4184 886 4228 immutatur.
