3070 4950
596 1439 761 1513 ORATIO
791 1441 873 1514 PRO
902 1444 934 1516 P.
961 1442 1088 1516 OPPll't

358 1949 478 2039 Longe
502 1948 627 2020 clarior
655 1959 707 2021 est
735 1959 837 2044 atque
863 1949 1038 2022 illustrior
1061 1971 1166 2020 causa
1180 1947 1250 2036 illa,
1272 1968 1375 2041 quam

309 2087 372 2156 pro
390 2064 430 2134 P.
452 2064 561 2160 Oppio
576 2064 697 2137 Cicero
717 2066 801 2158 egit,
827 2090 896 2138 uno
914 2089 1006 2138 auno
1026 2075 1207 2160 postquam
1223 2086 1241 2133 e
1257 2061 1375 2134 Sicilia

309 2203 346 2248 se
378 2181 522 2273 recepit,
548 2205 654 2276 quum
676 2183 753 2274 Jam
773 2181 952 2254 videretur
971 2181 1057 2253 illud
1071 2183 1108 2251 in
1126 2204 1182 2267 eo,
1210 2171 1381 2274 quidquid

309 2308 398 2379 erat,
415 2319 491 2368 csse
505 2295 698 2390 perfectum
714 2307 747 2368 et
758 2297 889 2370 habere
900 2295 1106 2392 quamdam1
1124 2295 1371 2367 maturitatem.

308 2409 348 2480 ln
367 2411 431 2482 hoc
448 2422 564 2484 autem
577 2413 712 2506 judicio
728 2437 768 2484 eo
784 2413 990 2506 diligentius
1009 2413 1224 2484 elaboratam
1238 2419 1272 2482 et
1287 2418 1375 2480 tam-

309 2549 410 2620 quam
427 2527 668 2601 elucubratam
688 2531 881 2601 orationem
900 2529 1005 2602 affere
1027 2527 1149 2615 voluit,
1179 2526 1271 2622 quod
1289 2525 1376 2595 illud

308 2641 452 2714 actionis
475 2665 601 2735 genus,
628 2668 838 2740 quamquam
858 2648 1037 2739 proprium
1057 2669 1133 2717 esse
1152 2643 1254 2739 Oppii
1274 2641 1375 2712 vide-

308 2757 424 2845 batur,
441 2759 486 2830 ad
500 2756 632 2830 totum²
648 2770 844 2855 equestrem
859 2761 1015 2832 ordinem
1035 2758 1246 2850 pertinebat,
1273 2757 1374 2849 cujus

307 2873 527 2963 auctoritate,
549 2876 654 2969 copiis
670 2888 703 2947 et
716 2876 935 2948 firmamento
949 2872 1075 2963 fretus
1097 2875 1252 2947 claustra
1267 2871 1373 2942 nobi—

306 2989 417 3060 litatis
433 2987 630 3083 refringere
644 2992 706 3064 ille
720 2992 909 3085 cogitabat,
927 3000 964 3062 ut
983 3015 1053 3062 non
1073 2990 1185 3081 magis
1199 2985 1374 3057 nobilitati

307 3127 409 3198 quarn
424 3106 544 3177 virtuti
558 3108 671 3178 aditus
684 3109 728 3179 ad
747 3109 962 3179 consulatum
978 3114 1125 3201 pateret.
1143 3104 1195 3175 De
1212 3105 1251 3173 P.
1263 3102 1374 3195 Oppio

307 3243 416 3314 pauca
430 3245 473 3292 cx
485 3222 658 3294 historicis
669 3227 903 3316 excerpimus3
926 3221 1164 3294 tantummodo
1184 3243 1262 3292 eum
1277 3217 1375 3288 audi-

307 3337 421 3408 vimus
442 3339 594 3432 equitem
611 3339 825 3427 Romanum,
843 3337 880 3408 in
895 3338 986 3410 bello
1001 3335 1239 3408 Mithridatico
1255 3355 1374 3429 quaes-

307 3463 418 3523 torem
434 3450 543 3524 fuisse
557 3455 590 3523 bl
600 3508 607 3522 .
625 3452 761 3524 Aurelii
780 3451 890 3554 Cottae
909 3451 1139 3547 proconsulis,
1157 3473 1271 3546 aquo,
1284 3445 1375 3544 quod

308 3569 590 3662 repetundarum¹
606 3570 876 3664 insidiarumque
905 3567 1162 3666 suspicionem³
1195 3567 1260 3639 sibi
1288 3588 1375 3636 cou-

306 3693 475 3774 traxerat,
498 3687 535 3756 iu
554 3687 685 3758 Urbem
706 3695 781 3758 erat
794 3687 982 3779 relegatus.
1001 3669 1151 3771 Verum,
1175 3685 1203 3754 si
1223 3707 1266 3755 ex
1290 3703 1374 3753 ora-

307 3791 401 3871 tione
420 3823 484 3894 pro
503 3800 606 3893 lege⁴
625 3802 771 3872 Manilia
790 3801 949 3896 qnaedarn
965 3801 1139 3894 conjicere
1158 3799 1251 3886 licet,
1272 3795 1376 3868 ambo

338 4000 347 4033 ¹
362 3991 466 4057 Brutus,
480 4012 502 4046 c.
519 4012 582 4048 xcu.

336 4079 347 4112 ²
361 4076 541 4136 Quintilianus,
558 4078 602 4126 lib.
616 4078 649 4139 V,
665 4094 687 4128 c.
704 4094 761 4129 xur.

338 4159 349 4193 ³
364 4158 412 4207 Dio
426 4158 538 4218 Cassius,
553 4158 598 4209 lib.
613 4159 732 4222 XXXVl.
745 4175 768 4208 c.
786 4173 861 4210 xxm.

337 4240 349 4280 ⁴
364 4237 452 4297 Oratio
464 4253 511 4312 pro
527 4239 584 4301 lege
597 4238 712 4304 Manilia,
726 4254 748 4288 c.
764 4253 830 4293 xxu.
