3070 4950
388 1485 553 1576 onorio
584 1501 665 1575 ruo
696 1501 736 1574 u.
766 1498 994 1574 rosulum

617 1765 769 1772 ---..

209 2056 319 2127 Paulo
334 2056 479 2148 gravior
493 2065 598 2148 atque
621 2054 792 2125 illustrior
807 2052 874 2124 fuit
894 2055 944 2123 Μ.
966 2053 1146 2126 Fundanii
1161 2053 1226 2124 de—

159 2170 287 2258 fensio,
318 2173 440 2242 eodem
467 2194 572 2261 anno,
606 2171 634 2243 si
663 2157 902 2262 grammaticis
934 2168 1095 2238 omnibus
1124 2167 1225 2238 tidem

160 2291 326 2363 adbibere
345 2289 547 2375 debeamus
564 2286 695 2358 babita.
709 2271 808 2369 Quod
822 2286 852 2355 si
870 2285 961 2356 hano
981 2284 1092 2355 semel
1111 2283 1119 2322 ¹
1142 2292 1226 2355 tan·

161 2417 235 2477 tum
254 2405 387 2476 notavit
410 2403 673 2496 designavitque
692 2401 926 2485 Quintilianus
941 2424 1053 2495 neque
1069 2400 1249 2474 laudibus

163 2521 220 2593 vel
233 2519 384 2591 minimis
403 2518 597 2606 exornavit,
615 2541 661 2586 nc
680 2517 758 2587 ideo
771 2525 887 2589 tamen
902 2517 1060 2590 eamdem
1077 2527 1138 2590 aut
1151 2518 1227 2587 vir-

162 2646 243 2710 tute·
257 2645 317 2707 aut
332 2635 485 2730 pondere
504 2657 544 2704 ac
566 2644 739 2705 momento
762 2636 901 2706 omnino
921 2636 1075 2706 caruisse
1101 2635 1228 2705 creda-

161 2779 238 2824 mus
253 2779 261 2840 ;
277 2761 398 2822 contra
417 2761 534 2824 autem
548 2750 638 2820 illud
657 2772 910 2837 assereremus
928 2750 1061 2821 scilicet
1078 2750 1226 2820 Institu—

161 2869 265 2941 tionis
300 2867 464 2938 oratoriae
506 2873 698 2954 auctorem,
727 2869 819 2937 inter
858 2865 1116 2938 diversissimas
1146 2866 1228 2938 illas

161 3006 299 3072 causas,
312 3005 397 3078 quas
412 3005 475 3076 pro
495 2980 771 3074 repetundarum
785 2982 856 3052 reis
871 2983 921 3053 Μ.
937 2981 1078 3052 Tullius
1090 2991 1226 3075 egerat,

162 3097 264 3169 modo
281 3121 344 3192 pro
361 3098 410 3168 M.
432 3097 592 3184 Fonteio,
615 3097 716 3168 modo
732 3121 795 3191 pro
821 3099 860 3168 L.
881 3097 1022 3178 Flacco
1036 3099 1229 3169 orationem

161 3213 332 3308 potiorem
350 3211 530 3284 babuisse.
548 3213 603 3282 Ex
620 3213 678 3301 iis,
697 3236 776 3307 quae
798 3236 881 3285 rara
905 3223 1108 3308 supersunt,
1126 3212 1230 3308 frag-

162 3329 300 3415 mentis,
331 3351 374 3398 ne
399 3352 526 3423 corpus
559 3329 697 3423 quidem
731 3327 944 3400 defensionis
977 3329 1072 3402 illius
1100 3332 1229 3402 adum-

161 3445 266 3516 brare
287 3440 385 3512 nobis
404 3441 509 3514 facile
528 3454 603 3529 est3
631 3467 753 3515 verum
770 3441 897 3540 quibus
919 3446 1126 3517 criminibus
1144 3469 1229 3540 prc-

161 3569 317 3632 meretur
334 3561 385 3631 Μ.
409 3560 616 3631 Fundanius
634 3584 771 3656 quaque
790 3562 925 3632 ratione
949 3571 1041 3634 esset
1064 3558 1230 3632 defensus

161 3698 384 3772 nequaquam
408 3675 548 3748 difficile
563 3685 616 3747 est
635 3677 822 3771 conjicere·
840 3678 891 3748 Μ.
909 3677 1130 3766 Fundanius,
1153 3678 1225 3772 qui,

160 3800 200 3862 ut
214 3791 256 3874 Q.
275 3789 394 3862 Cicero
417 3790 538 3862 scribit
560 3791 597 3861 in
617 3791 709 3862 libro
728 3793 771 3864 de
790 3793 962 3864 Petitione
981 3793 1186 3865 consulatus
1199 3791 1226 3882 ²,

159 3907 206 3979 ad
234 3906 457 3979 ambitionem
486 3907 540 3976 vir
568 3909 845 4000 gratiosissimus
877 3919 967 3997 erat,
988 3909 1024 3978 in
1048 3910 1228 4004 provincia

196 4187 203 4220 ³
220 4187 398 4247 Quintilianus,
413 4188 458 4240 ub.
474 4191 492 4246 1,
505 4208 527 4239 r.
544 4204 579 4239 vr.

194 4265 205 4300 ¹
222 4266 259 4316 De
274 4267 402 4318 Petitione
413 4270 568 4329 consulatus,
584 4289 606 4320 c.
625 4283 651 4320 v.
