3044 4938
451 347 604 398 ORATIO
627 348 665 397 IN
688 347 793 398 TOGA
815 347 994 398 CANDIDA
1227 348 1258 396 49

237 469 289 540 De
301 465 366 539 bac
381 468 550 555 oratione,
570 491 673 570 quam
691 468 756 540 hoc
769 468 870 540 titulo
888 492 906 537 r<
918 466 954 536 in
970 466 1223 561 competitores
1236 492 1254 538 u

187 583 344 656 inscribit
362 583 594 668 Quintilianus
614 582 638 671 ¹,
665 607 706 656 ea
731 592 865 676 tanturn
893 583 1052 656 novimus
1072 606 1151 678 quae
1176 606 1256 669 ser,-

192 701 282 771 uavit
301 699 483 772 Asconius
514 699 606 771 Sane
626 701 752 772 desunt
774 710 808 772 et
836 699 1016 775 exordium
1036 707 1070 769 et
1089 721 1131 770 ea
1155 720 1250 790 pars.
1408 715 1411 722 ’

188 838 257 910 qua
273 813 474 902 Antonium,
495 815 597 910 paulo
624 824 706 898 ante
726 815 957 908 exagitatum,
978 812 1174 886 lacessebat
1193 811 1240 883 Ci·

188 955 268 1002 cero
278 930 475 1025 acriterque
487 931 725 1003 insectabatur
734 956 742 1019 3
757 941 791 1004 et
805 930 999 1018 conclusio,
1015 951 1083 1024 qua
1092 919 1257 998 nimirum

171 1047 312 1130 ⁸Patres
325 1046 532 1118 hortabatur
547 1048 632 1118 utin
650 1047 826 1120 sententia
838 1055 1019 1118 manerent
1028 1067 1118 1116 neve
1133 1043 1257 1136 cujus-

188 1185 292 1256 quam
311 1163 385 1232 vim
405 1171 463 1234 aut
479 1164 593 1236 minas
612 1164 911 1257 pertimescerent.
933 1164 1122 1248 Praeterea,
1145 1181 1257 1254 quan-

188 1300 292 1372 quam
306 1301 325 1349 e
340 1279 510 1372 petitione
532 1279 733 1352 consulatus
751 1303 838 1374 eque
857 1277 1066 1371 fragmentis
1080 1275 1258 1350 Ciceronis

186 1397 223 1466 in
240 1403 363 1468 senatu
380 1390 394 1433 2
413 1395 596 1472 sententiae
610 1396 770 1467 novimus
787 1419 854 1490 quo
870 1397 987 1466 animo
1005 1401 1039 1464 et
1057 1391 1179 1495 quibus
1195 1412 1257 1461 ar-

187 1509 279 1580 tibus
300 1510 518 1582 consnlatum
539 1511 715 1583 candidati
733 1512 943 1599 obtinerent,
966 1509 1069 1604 idque
1088 1528 1257 1600 asseque-

187 1635 311 1698 rentur
325 1636 364 1697 ut
380 1627 556 1722 repulsam
574 1625 705 1700 ferrent
721 1627 976 1723 competitores,
995 1633 1149 1698 attamen
1167 1643 1254 1714 gra-

188 1766 312 1815 vamur
335 1766 448 1838 neque
468 1766 527 1815 eas
550 1743 818 1816 contumeliosas
845 1743 1104 1838 responsiones,
1129 1737 1255 1833 quibus

185 1858 224 1930 C.
244 1859 417 1932 Antonius
436 1867 470 1930 et
487 1860 526 1932 L.
550 1860 702 1933 Catilina
718 1861 877 1940 certatim
897 1861 935 1930 in
955 1857 1132 1931 Ciceronis
1149 1853 1255 1927 novi-

186 1983 293 2047 tatem
316 1974 571 2048 invehebantur
596 1975 620 2066 3,
643 1968 748 2048 manu
776 1985 911 2065 tenere,
938 1999 1051 2071 neque
1077 1975 1254 2066 integram

184 2089 294 2162 nostri
323 2093 473 2162 oratoris
504 2095 760 2165 accusationem
784 2112 954 2164 enarrare
982 2110 1096 2180 posse.
1127 2087 1254 2180 Operae

184 2206 278 2277 enim
292 2207 443 2299 pretium
458 2216 550 2279 esset
565 2208 789 2280 considerare
804 2206 971 2303 quomodo
993 2202 1250 2298 competitores,

184 2324 241 2417 qui
262 2345 355 2417 saepe
376 2326 482 2396 armis
500 2324 712 2397 contendere
741 2325 932 2414 malebant,
958 2323 1077 2395 verbis
1106 2330 1140 2392 et
1157 2341 1253 2418 ora·

183 2438 276 2509 tione
306 2438 366 2510 alii
390 2439 479 2510 alios
510 2419 770 2535 impugnarent.
799 2441 947 2533 Verum,
970 2441 1134 2536 quoniam
1158 2459 1250 2508 vana

183 2555 358 2647 conjicere
385 2579 454 2626 non
484 2565 598 2645 vacat,
630 2557 674 2628 ad
703 2559 898 2630 institutum
922 2557 999 2650 jam
1031 2562 1251 2626 revertamur

181 2693 324 2742 necesse
339 2680 404 2760 est,
416 2680 459 2762 ut
472 2695 491 2742 e
505 2670 715 2765 fragmentis
728 2672 819 2743 hanc
832 2671 992 2744 inusitati
1007 2669 1151 2762 generis
1171 2691 1251 2738 sen·

183 2787 326 2860 tentiam
348 2787 610 2860 adumbremus
761 2770 762 2774 Ἰ

230 2902 334 2974 Initio
360 2903 544 2996 orationis,
572 2915 754 2999 postquam
781 2928 845 2977 sna
869 2897 1015 2977 consilia
1043 2901 1248 2995 refragato-

180 3017 502 3112 rumquelcunatus
521 3029 746 3115 exposuerat,
763 3020 1046 3114 competitoribus
1061 3041 1122 3090 eas
1133 3017 1251 3110 largi-

181 3134 292 3204 tiones
306 3186 314 3219 ,
344 3156 430 3226 quas
463 3135 694 3229 prohibebant
729 3135 929 3207 novissimae
965 3135 1063 3228 leges
1086 3133 1248 3219 ambitus

179 3247 331 3340 primum
358 3243 479 3317 Cicero
499 3247 697 3338 objiciebat,
721 3256 758 3320 ut
785 3246 827 3319 ex
850 3247 916 3319 hoc
942 3249 1116 3343 conjicere
1138 3250 1246 3320 licet:

182 3386 201 3429 u
231 3361 327 3447 Dico,
349 3361 475 3432 Patres
504 3365 704 3460 conscripti,
740 3374 805 3436 etc.
826 3389 835 3454 3
860 3389 877 3434 u
915 3364 1054 3452 deiude,
1081 3365 1177 3436 aditu
1206 3365 1251 3436 ad

180 3476 378 3548 convicium
392 3479 466 3571 jam
493 3487 647 3574 patente,
670 3490 859 3576 antequam
886 3480 929 3551 de
948 3480 1118 3553 alterutro
1142 3504 1250 3574 agere

180 3593 355 3688 coepisset,
389 3594 432 3668 (le
456 3596 626 3694 utrisque,
658 3595 781 3670 divisis
808 3620 886 3672 curn
907 3619 1042 3670 summa
1065 3591 1250 3692 'diligentia

211 3882 221 3918 ί
238 3878 418 3942 Quintilianus,
431 3885 478 3936 lib.
493 3885 538 3947 ΙΙΙ,
551 3902 573 3936 c.
588 3903 634 3938 vn.

211 3963 222 3998 2
237 3962 419 4024 Quintilianus
435 3965 482 4017 lib.
495 3968 539 4028 ΙΙΙ,
552 3983 575 4018 c.
591 3983 637 4018 vu.

211 4043 341 4093 ³Asconii
357 4049 576 4105 commentarium,
593 4049 639 4097 sub
660 4051 717 4108 line,
738 4057 762 4102 et
782 4052 884 4102 Scholia
907 4051 1044 4102 Bubieusia
1064 4051 1089 4100 in
1111 4051 1184 4102 Orat.
1204 4065 1250 4115 pro

180 4125 260 4185 Sulla,
276 4141 299 4174 c.
315 4141 363 4188 vu,
377 4129 400 4178 5.

179 4263 185 4270 „
210 4205 303 4255 ⁴Vide
316 4207 416 4256 initium
430 4209 534 4258 Asconii
548 4215 734 4264 commentarii.
761 4231 763 4236 ’
