3070 4950
444 395 594 447 ORATIO
616 397 691 446 PRO
713 397 746 447 C.
768 397 1010 447 conduntur
1101 415 1105 420 ·
1228 397 1259 447 :35

190 545 232 592 ex
244 518 386 591 Asconii
396 518 642 590 commentario
652 519 728 609 jam
739 541 847 611 supra
859 517 1023 607 diximus,
1035 516 1255 608 Ciceronem,

189 646 417 730 patronorum
437 635 640 728 principem,
664 635 779 705 statim
799 635 921 727 elegit.
948 634 1025 722 Ille,
1049 636 1103 704 vir
1123 643 1258 727 praeto-

191 753 263 824 rius
290 761 325 822 et
352 749 552 822 consulatus
573 751 649 845 jam
678 758 859 844 appetens,
885 775 956 821 non
986 750 1173 844 ignorabat
1193 749 1259 820 sibi

190 891 267 940 esse
281 889 424 938 necesse
437 874 476 937 ut
490 867 623 938 nullum
640 867 824 938 ecivitatis
844 866 1083 961 optimatibuS,
1106 868 1163 961 qui
1183 877 1259 939 tes-

193 983 374 1076 timonium
386 981 560 1070 dicebant,
572 984 716 1054 laederet
725 1008 733 1072 3
748 983 809 1053 sed
823 962 858 1052 iu
869 982 1051 1075 judicium,
1067 987 1101 1050 et
1111 980 1152 1050 P.
1171 979 1259 1050 Clu-

190 1101 275 1190 buli,
294 1098 353 1194 qui
379 1098 495 1190 legem
515 1096 643 1171 ferenti
673 1098 836 1171 Cornelio
862 1099 1036 1193 quondam
1060 1095 1256 1183 obstiterat,

191 1215 336 1304 auxilio,
353 1222 386 1286 et
410 1215 566 1307 Pompeii
598 1217 734 1309 opibus,
768 1239 870 1310 quem
896 1215 939 1286 de
957 1214 1046 1285 coelo
1075 1213 1258 1311 delapsum

190 1333 347 1404 homines
370 1333 446 1426 jam
472 1331 717 1421 intuebantur,
739 1329 852 1403 fretus
885 1330 1136 1424 subnixusque,
1159 1329 1259 1399 ince-

188 1448 320 1538 debat3
356 1449 622 1542 praesertimque
648 1450 725 1542 ipsa
756 1450 792 1518 vi
820 1456 924 1542 atque
952 1449 1085 1540 impetu
1120 1445 1257 1516 dicendi

190 1563 394 1652 confidebat,
415 1586 482 1656 quo
498 1587 591 1657 saepe
609 1563 832 1636 adversarios
847 1565 889 1634 de
900 1572 992 1634 statu
1007 1562 1147 1655 dejecit.
1166 1560 1260 1631 Tau-

189 1683 269 1752 dem
286 1679 414 1767 omnia,
444 1702 522 1772 quae
550 1702 677 1772 magno
703 1703 808 1773 opere
836 1680 880 1751 ad
896 1679 1042 1772 ,crimen
1066 1677 1259 1747 imminutae

191 1797 384 1891 majestatis
394 1797 589 1868 tribuniciae
608 1796 785 1890 pertinere
798 1805 905 1868 testes
916 1791 1153 1882 affirmabant,
1173 1815 1259 1863 cun-

190 1913 282 1986 fiteri
297 1922 331 1985 et
345 1913 501 2008 profiteri
517 1934 623 1984 ausus
640 1922 693 1984 est
710 1911 722 1952 ¹
745 1937 752 1983 :
775 1936 854 2007 quae
864 1911 1002 2007 quidem
1020 1910 1146 1982 fiducia
1165 1909 1258 1980 Cor-

190 2029 479 2124 neliumeripuit.
556 2057 559 2061 ⁴

239 2147 277 2218 Si
296 2171 339 2218 ex
360 2145 480 2218 multis
501 2146 676 2241 variisque
697 2146 835 2217 indiciis
860 2146 937 2240 quis
955 2143 1063 2216 fuerit
1092 2167 1173 2215 reus
1198 2143 1259 2214 ille

189 2261 373 2334 Cornelius
386 2284 597 2354 cognoscere
617 2263 806 2356 potuimus,
823 2262 866 2334 de
883 2263 925 2332 P.
940 2259 1096 2332 Cominio
1111 2281 1257 2331 accusa-

190 2388 266 2454 tore
289 2381 348 2449 vix
372 2379 462 2474 apud
489 2379 650 2474 antiquos
669 2380 858 2471 scriptores
872 2401 953 2452 ¹una
974 2385 1087 2449 exstat
1114 2377 1254 2447 mentio.

188 2494 328 2566 Etenim
342 2496 578 2567 tantummodo
593 2495 630 2565 in
648 2494 712 2592 hoc
731 2492 906 2566 Ciceronis
926 2493 1017 2566 libro
1034 2491 1061 2582 ²,
1087 2495 1147 2588 qui
1161 2495 1259 2566 Bru-

190 2620 245 2680 tus
271 2610 489 2700 inscribitur,
526 2609 662 2681 dicendi
689 2633 803 2703 genus
837 2609 984 2681 Cominii
1013 2611 1255 2702 compositum,

190 2748 272 2798 acre
295 2737 329 2798 et
351 2729 550 2820 expeditum
571 2724 682 2798 fuisse
709 2726 856 2820 legimns
880 2752 886 2796 :
915 2750 994 2821 quae
1017 2725 1153 2821 quidem
1183 2726 1260 2797 laus

190 2842 339 2936 equitem
368 2842 467 2913 illum
495 2866 566 2913 non
594 2864 718 2912 ausum
738 2865 815 2913 esse
834 2844 1021 2936 aliquando
1035 2849 1186 2914 stantem
1201 2842 1260 2910 lo—

190 2958 264 3051 qui,
277 2957 338 3028 sed
356 2967 429 3028 tum
443 2956 658 3052 probabilem
672 2967 745 3028 tum
759 2959 941 3049 probatum
961 2967 1133 3030 oratorem
1150 2955 1259 3028 fuisse

191 3073 303 3145 docet.
326 3073 460 3145 Verum
476 3072 565 3143 illud
588 3073 764 3144 Ciceronis
778 3074 903 3168 judicii
935 3074 995 3146 vel
1019 3075 1133 3168 potius
1150 3073 1262 3144 bene-

189 3188 352 3260 volentiae
366 3189 601 3260 testimonium
616 3187 829 3282 amplificare
843 3199 904 3262 aut
921 3213 1097 3262 exornare
1117 3189 1262 3262 minime

189 3301 284 3389 licet,
307 3303 504 3396 praesertim
523 3327 630 3398 quum
650 3305 688 3373 iu
708 3305 907 3376 oratoribus
925 3307 1082 3376 romanis
1105 3329 1261 3400 comme7

189 3418 366 3488 morandis
381 3442 425 3490 ne
439 3419 552 3490 ullum
567 3419 707 3514 quidem
721 3420 882 3492 rabulam
897 3424 1080 3513 praeterire
1094 3422 1260 3492 inanimo

188 3529 364 3603 habuerit.
383 3531 558 3623 Attamen,
581 3535 611 3606 si
627 3534 839 3607 defensionis
858 3533 1055 3628 fragmenta
1075 3559 1153 3606 cum
1168 3559 1261 3630 qua-

189 3646 270 3718 dam
286 3646 472 3740 diligentia
491 3652 641 3722 scrutari
655 3651 884 3738 voluerimus,
903 3652 1161 3722 accusationem
1176 3652 1262 3722 satis

189 3761 404 3833 vendibilem
425 3761 534 3837 fuisse
550 3766 829 3861 dijudicabimus,
852 3789 893 3837 ac
914 3767 1098 3837 sententiae
1117 3767 1260 3838 Asconii

188 3880 433 3969 assentiemur,
458 3884 519 3978 qui
533 3881 678 3974 fatetur,
700 3893 843 3977 propter
863 3885 988 3978 ipsam,
1006 3883 1154 3955 Cominii
1173 3905 1259 3953 ora-

218 4167 226 4197 ¹
243 4163 424 4224 Quintilianus,
439 4165 487 4215 lib.
500 4165 547 4226 Vl,
560 4183 584 4218 c.
601 4183 636 4217 vr.

219 4245 231 4279 ²
247 4243 350 4304 Brutus,
363 4261 387 4300 c.
403 4260 516 4300 uxxvrn.
