3024 4944
251 355 503 407 FRAGMENTA
525 357 766 408 ORATIONUM
787 359 1109 412 Darnnnlraaun
1167 359 1213 410 173

144 474 259 536 factum
273 469 355 553 novi,
379 479 443 548 sed,
460 479 634 554 quoderat,
658 479 817 540 inventum
838 487 896 542 est.
915 483 949 542 In
970 483 1061 542 unius
1080 485 1214 545 hominis
1235 532 1238 536 ,

145 585 257 663 perditi
276 584 394 663 judicio
421 586 526 663 plures
550 586 666 647 similes
694 589 810 665 reperti
836 595 917 648 sunt.
941 591 1008 649 Sed
1029 593 1110 668 quid
1133 596 1216 669 apo?

143 711 239 770 pocae
263 693 445 754 orationem
468 694 504 751 ic
523 695 695 770 epistolam
713 697 846 756 inclusi.
864 695 997 776 (dicero,
1017 698 1054 757 ad
1076 700 1214 760 Atticum

147 799 261 877 Epist„
278 803 303 878 Ι,
320 799 385 878 16.)

256 1409 338 1464 xus.
361 1440 394 1450 -
414 1410 568 1464 onarlo
593 1412 643 1464 nn
660 1373 775 1465 'unos
799 1411 1105 1466 nunxnuoumo

481 1613 881 1646 ARGUMENTUMHISTORICUM
935 1599 938 1608 '

188 1755 262 1814 Haec
284 1756 393 1828 oratio,
422 1774 489 1833 quae
512 1757 675 1816 adrerum
695 1774 891 1816 romanorum
911 1754 1072 1816 historiam
1098 1753 1217 1812 sincere

149 1861 341 1922 scribendam
363 1864 494 1924 multum
517 1863 651 1940 proficit,
678 1866 782 1924 eadem
807 1882 924 1923 summo
948 1862 1057 1920 honori
1078 1860 1216 1920 Ciceroni

148 1976 206 2029 est.
223 1969 355 2040 Etenim,
382 1971 408 2030 si
429 1989 483 2031 nos
502 1973 607 2034 edocet
630 1991 720 2049 quem
741 1973 882 2049 precario
902 1971 933 2029 in
955 1988 1008 2029 suo
1024 1987 1119 2045 regno
1142 1969 1217 2027 socii

108 2103 110 2107 ·
148 2079 254 2138 Romae
281 2097 371 2156 reges
398 2087 579 2156 praeessent,
608 2061 765 2157 republica
790 2084 855 2159 jam
881 2083 1069 2147 senescente,
1093 2080 1123 2134 et
1146 2081 1218 2150 quot

149 2191 336 2266 quantasque
361 2205 377 2245 a
402 2187 548 2266 subjectis
570 2189 715 2265 pecunias
739 2187 865 2264 exigere
884 2190 1079 2263 cogerentur,
1096 2188 1131 2240 ut
1142 2200 1219 2258 pau-

150 2312 267 2366 corum,
282 2311 374 2370 penes
397 2313 472 2371 quos
493 2295 591 2355 omnis
615 2301 683 2354 erat
702 2301 848 2372 potestas,
866 2292 1029 2354 avaritiam
1049 2291 1215 2363 satiarent3

149 2401 176 2460 si
197 2401 305 2461 deinde
320 2403 407 2462 nobis
423 2405 531 2480 probat
546 2422 695 2480 quemque
715 2402 940 2463 nobilissimum
956 2406 1009 2461 aut
1027 2400 1059 2459 in
1075 2397 1150 2458 Asia
1165 2401 1219 2455 aut

148 2508 179 2566 in
191 2507 275 2567 Asiae
289 2508 575 2588 circumjacentibus
588 2509 777 2586 regionibus,
802 2509 985 2586 magistratu
998 2513 1132 2584 peracto,
1145 2523 1219 2582 pro-

148 2615 280 2674 vinciam
295 2616 475 2693 plerumque
490 2617 692 2694 concupiisse,
710 2623 743 2676 ut
758 2635 829 2675 mox
845 2616 926 2688 inde,
943 2615 1095 2674 sociorum
1111 2611 1218 2690 spoliis

149 2723 362 2800 locupletatus,
379 2725 507 2782 Romam
520 2725 623 2783 redire
636 2729 755 2800 posset3
784 2724 810 2782 si
830 2723 959 2798 denique
983 2721 1070 2780 nobis
1085 2719 1218 2778 ostendit

148 2835 286 2891 senatum
296 2831 420 2891 minime
435 2831 530 2891 fnisse
541 2839 682 2907 paratum
698 2830 834 2906 deligere
848 2831 885 2888 ad
901 2830 1015 2889 bellum
1030 2827 1217 2904 AEgyptium
1307 2813 1314 2830 ’

148 2938 375 3015 imperatorem,
399 2957 437 2997 ne
456 2938 535 3015 quis
555 2945 625 3016 post
646 2938 819 3012 victoriam,
849 2955 886 2995 ex
908 2936 1035 3013 regione
1060 2935 1124 3007 iila,
1150 2951 1217 3009 quae

149 3053 222 3105 tuuc
235 3046 381 3123 temporis
392 3052 457 3106 erat
471 3045 714 3123 opulentissima,
732 3045 856 3104 divitias
872 3061 923 3104 eas
938 3043 1094 3118 conflaret,
1108 3040 1217 3117 quibus

149 3153 250 3212 omnia
268 3169 368 3213 emere
387 3172 422 3212 ac
440 3159 506 3213 tute
524 3171 654 3230 regnum
673 3153 817 3212 affectare
830 3153 1004 3212 valuisset:
1026 3157 1095 3209 ante
1117 3147 1228 3208 omnia'

149 3261 236 3337 ponit
248 3261 427 3320 Ciceronem
441 3279 561 3337 semper
576 3261 693 3348 dirisse
705 3266 735 3319 et
752 3260 886 3320 sensisse
898 3261 991 3320 istam
1006 3259 1037 3318 in
1052 3255 1218 3334 republica

149 3367 390 3427 administranda
398 3366 818 3445 pecuniarumappetiiionem
827 3368 963 3426 civitatis
972 3364 1218 3443 dignitatihaud-

150 3493 300 3550 quaquam
321 3491 389 3534 esse
408 3481 651 3552 consentaneam.
675 3477 732 3535 ille
756 3475 836 3535 enim
862 3493 920 3534 non
943 3475 1042 3534 solum
1065 3471 1217 3533 sociorum

150 3598 258 3659 regum
284 3581 467 3659 miseretur3
498 3583 551 3642 sed
578 3584 670 3643 etiam
702 3589 805 3642 censet
828 3581 979 3658 imprimis
1009 3579 1117 3658 gloriae
1154 3593 1217 3634 suae

150 3696 274 3749 senatus
287 3689 439 3749 inserviat
456 3708 523 3750 esse
536 3709 671 3764 necesse,
697 3691 722 3750 si
739 3709 848 3749 nomen
863 3707 1022 3749 romanum
1039 3693 1131 3766 juxta
1145 3685 1217 3743 deos

149 3797 337 3856 immortales
351 3800 389 3856 ab
407 3798 524 3857 exteris
540 3798 682 3874 gentihus
699 3799 787 3874 diligi
802 3797 898 3875 velit3
916 3804 946 3856 et
969 3796 1076 3856 suadet
1090 3799 1123 3852 ut
1138 3796 1217 3871 apud

150 3921 237 3963 omne
279 3922 375 3981 genus
413 3906 579 3965 humanum
606 3906 707 3975 fidem,
738 3907 914 3982 aequitatem
937 3903 1217 3977 humanitatemque

60 4063 66 4070 .
150 4011 431 4088 populusromanus
441 4018 577 4090 praestet,
590 4013 780 4093 quasi-tantae
790 4013 933 4082 virtutes,
949 4013 980 4070 iu
993 4012 1052 4071 ista
1061 4009 1218 4069 hominum

151 4116 294 4180 societate
317 4127 380 4179 tam
403 4122 495 4180 avida
518 4130 641 4198 tamque
662 4122 791 4197 crudeli,
821 4138 925 4179 rerum
947 4118 1133 4196 ponderibus
1158 4132 1216 4172 non

150 4233 250 4286 autem
272 4231 439 4289 verborum
462 4230 623 4290 momentis
650 4235 754 4290 essent
773 4229 926 4304 laudatae3
952 4227 1039 4303 quasi
1063 4225 1217 4298 Galgacus
