3044 4938
217 1477 552 1602 INTERROGATIO
582 1473 762 1562 [tumult
792 1485 957 1578 lutuno
986 1475 1170 1558 lllbthlS
1208 1473 1211 1480 ⁴
1337 1599 1339 1604 .

611 1735 770 1744 ῃ...-

205 1995 317 2068 Nobis
341 2005 450 2068 restat
475 2006 514 2067 ut
541 1996 584 2066 de
611 1995 804 2066 novissima
831 1995 896 2066 illa
918 1996 1099 2084 oratione,
1126 1994 1224 2089 cujus

157 2107 358 2202 fragmenta
370 2110 609 2183 tantummodo
622 2121 823 2204 supersunt,
837 2133 983 2205 quaeque
993 2109 1223 2203 interrogatio

156 2225 199 2296 de
218 2249 289 2300 aerc
302 2229 418 2300 alieno
432 2230 575 2301 Milonis
591 2228 809 2318 inscribitur,
827 2239 996 2324 quantum
1011 2226 1139 2319 patitur
1148 2247 1218 2310 reS,

155 2341 382 2416 disseramus.
412 2345 552 2438 Scholia
576 2344 784 2434 Bobiensia,
809 2367 829 2416 a
849 2343 1043 2416 clarissimo
1057 2340 1222 2412 doctissi-

154 2465 280 2550 moque
294 2458 370 2530 viro
385 2459 522 2552 Angelo
541 2460 627 2547 Mai,
650 2470 689 2532 ut
706 2460 993 2555 supradiximus,
1014 2481 1106 2530 anno
1127 2454 1221 2528 rsit

154 2572 191 2641 in
205 2573 316 2644 lucem
333 2575 437 2664 edita,
456 2600 520 2648 nos
539 2576 678 2648 abunde
692 2576 812 2648 edocet
829 2599 899 2646 non
916 2575 1029 2646 solum
1044 2595 1112 2669 quo
1129 2582 1222 2644 tem-

152 2710 238 2782 pore
255 2711 390 2785 quaque
403 2691 445 2764 de
465 2715 568 2764 causa
585 2691 704 2764 Cicero
723 2692 814 2764 hanc
834 2692 1027 2763 orationem
1041 2689 1218 2773 habuerit,

154 2804 339 2878 sedetiam
366 2809 593 2902 quamobrem
618 2809 683 2907 ista
701 2809 929 2902 inscriptione
950 2807 997 2878 sit
1026 2813 1156 2876 notata.
1182 2803 1221 2874 lu

153 2922 313 2994 eumdem
335 2946 487 3014 annum,
508 2924 613 3017 paulo
631 2934 712 3019 post
735 2925 785 2995 M.
813 2924 937 2996 Scauri
958 2921 1219 3016 defensionem,

153 3037 198 3107 Τ.
224 3037 340 3116 Annio
363 3039 495 3110 Milone
518 3040 738 3114 consulatum
761 3049 912 3133 petente,
941 3049 1082 3133 petente
1095 3028 1218 3132 'autem

153 3162 345 3246 praeturam
364 3155 406 3224 P.
426 3153 560 3241 Clodi0,
578 3154 670 3225 Urbs
688 3154 854 3243 tumultu,
872 3153 1043 3226 incendiis
1061 3162 1095 3224 et
1113 3153 1222 3223 caedi--

154 3269 219 3340 bus
234 3265 482 3363 complebatur.
501 3271 542 3341 P.
561 3268 702 3340 Clodius
718 3269 827 3356 euim,
845 3292 952 3363 quum
967 3293 1030 3363 pro
1045 3276 1141 3340 certo
1154 3268 1220 3338 ha*

94 3381 97 3384 ’
153 3383 252 3456 beret
273 3409 291 3453 u
313 3408 471 3458 mancam
485 3409 525 3457 ac
539 3385 690 3458 debilem
704 3395 896 3480 praeturam
915 3409 1014 3456 suam
1027 3382 1219 3476 luturam¹,

128 3569 129 3574 ,
153 3500 296 3573 consule
313 3500 468 3590 Milone,
488 3525 507 3571 u
528 3500 563 3572 in
582 3524 683 3597 quern
705 3500 785 3572 odio
809 3500 1037 3572 acerbissimo
1058 3498 1216 3588 ardebat,

153 3639 223 3688 non
242 3616 355 3687 solum
375 3617 419 3688 ad
438 3617 533 3688 illius
553 3618 797 3711 competitores
819 3616 860 3699 Q.
882 3616 1067 3688 Metellum
1082 3614 1220 3709 Scipio-

154 3754 233 3804 nem
249 3739 283 3803 et
301 3732 493 3827 Hypsaeum
513 3756 590 3805 sese
610 3732 763 3806 studiose
782 3733 992 3823 contulerat,
1015 3732 1076 3804 sed
1098 3733 1218 3816 etiam,

154 3847 267 3919 servis
283 3849 426 3919 armatis
439 3849 552 3944 iisque
566 3844 746 3922 barbaris²
760 3847 963 3919 hominibus
978 3871 1022 3919 ex
1036 3847 1221 3943 Apennino
1258 3868 1261 3872 ·

153 3963 310 4036 deductis
333 3964 530 4035 succinctus
543 4018 553 4055 ,
579 3965 718 4036 comitia
740 3963 979 4053 disturbabat,
1005 3966 1039 4036 vi
1064 3965 1101 4035 in
1123 3973 1221 4057 septa

185 4226 194 4260 ¹
209 4225 297 4275 Oratio
311 4240 358 4288 pro
372 4225 476 4287 Milone,
489 4241 512 4277 c.
526 4241 563 4276 rx.
614 4289 618 4298 1
645 4293 648 4297 ,

157 4371 162 4383 .
185 4305 196 4340 ²
212 4306 301 4356 Oratio
313 4321 359 4371 pro
372 4307 487 4372 Milone,
503 4309 558 4357 uide
574 4308 753 4379 lragmeutum,
770 4307 802 4364 ΙΙ,
820 4307 842 4356 2.
918 4371 919 4376 Ἰ
