3024 4944
295 343 340 394 182
395 343 645 396 FRAGMENTA
666 344 907 396 ORATIONUM
929 341 1262 396 Dnrmsnirnaum

295 461 490 524 simulatione
510 464 639 525 Romam
659 482 693 524 se
707 462 887 540 contulisse,
902 468 948 535 ut,
965 479 1058 538 quum
1070 465 1161 520 antea
1175 460 1366 520 consuetudo

293 567 375 628 inter
389 586 441 630 eos
455 569 652 638 biscoctum
665 569 757 630 etiam
772 569 888 646 nuptiis
896 573 1115 648 jungerentur,
1127 567 1247 626 arsisse
1261 567 1367 626 dolore

294 673 438 734 muliebri
451 680 482 735 et
496 674 576 736 mori
590 693 681 751 quam
694 675 725 735 id
739 674 858 752 perpeti
872 672 1030 735 maluisse.

335 780 384 841 10.
408 782 517 842 Altera
541 800 600 842 non
621 783 721 842 minus
743 783 952 858 verisimilis,
973 789 1015 854 et,
1037 789 1072 843 ut
1094 781 1213 859 opinor,
1235 779 1267 838 in
1291 779 1371 840 Sar-

294 889 377 950 dinia
399 890 498 968 magis
518 890 611 950 etiam
629 892 759 966 credita,
775 893 901 952 Arinem
924 895 1018 953 istum
1042 898 1153 954 testem
1178 896 1270 966 atque
1294 890 1371 948 bos-

292 995 399 1072 pitem,
424 995 540 1072 Triari,
556 1001 644 1056 tuum
667 998 911 1074 proficiscentem
927 1001 1056 1060 Romam
1072 997 1229 1076 negotium
1244 997 1370 1056 dedisse

294 1105 415 1174 liberto,
442 1111 476 1164 ut
492 1104 541 1166 illi
565 1105 694 1166 aniculae
715 1125 775 1166 non
801 1108 854 1168 ille
874 1107 997 1183 quidem
1020 1106 1084 1164 vim
1107 1105 1233 1164 afferret
1256 1102 1371 1183 (neque

295 1212 376 1272 enim
392 1220 458 1273 erat
471 1220 590 1274 rectum
604 1215 767 1295 patronae),
782 1216 855 1276 sed¹
872 1216 984 1274 collum
995 1213 1135 1290 digitulis
1150 1213 1268 1272 duobus
1287 1211 1373 1270 obli-

296 1319 393 1396 deret,
414 1321 563 1396 resticula
582 1321 731 1399 cingeret,
752 1327 786 1382 ut
801 1323 855 1383 illa
875 1323 994 1399 perisse
1013 1319 1178 1397 suspendio
1195 1324 1371 1396 putaretur.

337 1427 386 1486 11.
411 1427 505 1498 Quae²
518 1428 640 1504 quidem
656 1429 790 1506 suspicio
804 1429 1002 1488 valuitetiam
1013 1429 1082 1504 plus
1092 1429 1130 1486 ob
1144 1428 1222 1486 bano
1232 1443 1371 1502 causam,

298 1531 389 1606 quod,
405 1550 497 1607 quum
512 1540 639 1609 agerent
659 1535 830 1610 parentalia
845 1537 1001 1595 Norenses
1017 1551 1182 1609 omnesque
1205 1549 1260 1591 suo
1285 1549 1373 1590 more

227 1705 231 1712 ,
296 1654 335 1694 ex
350 1637 459 1713 oppido
474 1638 624 1717 exissent,
641 1646 707 1699 tum
721 1640 776 1700 illa
792 1647 839 1700 est
853 1659 870 1700 a
886 1640 997 1700 liberto
1014 1639 1211 1717 suspendisse
1225 1657 1258 1698 se
1276 1638 1370 1698 dicta.

298 1744 460 1804 Discessus
489 1753 597 1812 autem,
615 1747 749 1806 solitudo
771 1747 811 1821 ei,
840 1747 893 1823 qui
921 1752 1081 1823 patronam
1108 1746 1287 1821 suffocabat,
1315 1745 1375 1804 fuit

300 1851 484 1928 quaerenda3
500 1852 558 1921 illi,
576 1871 642 1928 quae
658 1855 782 1913 volebat
796 1853 885 1926 mori,
905 1853 1047 1916 nonfuit.

340 1958 389 2018 12.
414 1959 599 2021 Confirmata
615 1978 687 2020 vero
703 1960 836 2038 suspicio
852 1968 910 2030 est,
934 1963 1014 2038 qnod
1028 1981 1088 2021 anu
1103 1968 1224 2022 mortua
1239 1963 1374 2021 libertus

301 2066 416 2136 statim,
442 2073 596 2143 tamquam
615 2086 706 2145 opere
726 2070 873 2142 conlecto,
891 2071 1020 2130 Romam
1038 2076 1084 2130 est
1098 2067 1270 2146 profectus3
1297 2070 1375 2130 Aris

300 2179 413 2250 autem,
433 2175 525 2236 simul
547 2195 582 2235 ac
596 2177 726 2236 libertus
750 2178 786 2236 de
809 2184 908 2238 morte
922 2179 1028 2238 uxoris
1045 2179 1210 2248 nuntiavit,
1228 2180 1374 2238 continuo

300 2282 405 2341 Romae
421 2288 550 2342 matrem
563 2283 651 2344 illam
663 2286 805 2346 Bostaris
820 2285 909 2344 duxit
924 2303 1062 2348 uxorem.

341 2389 390 2448 13.
415 2392 461 2448 En
489 2390 599 2466 quibus
625 2390 749 2450 familiis
775 2407 865 2467 quam
890 2390 992 2466 foedis,
1020 2409 1110 2466 quam
1142 2391 1371 2466 contaminatis,

301 2513 391 2572 quam
404 2495 546 2571 turpibus
570 2495 690 2556 dedatis
709 2498 787 2556 hanc
801 2489 960 2574 familiam,
972 2498 1116 2576 judices?
1130 2517 1168 2557 en
1183 2498 1295 2574 quibus
1309 2503 1375 2556 tes·

301 2604 383 2662 tibus
398 2603 539 2662 commoti
554 2603 662 2678 dequo
676 2603 810 2674 bomine,
832 2604 868 2662 de
890 2621 948 2679 quo
963 2621 1087 2679 genere,
1110 2603 1147 2662 de
1171 2621 1230 2678 quo
1250 2602 1375 2660 nomine

303 2711 468 2770 sententias
495 2709 618 2769 feratis!
651 2709 903 2769 Oblivisccndum
929 2708 1017 2767 vobis
1041 2708 1156 2784 putatis
1180 2713 1316 2766 matrum
1341 2706 1373 2764 in

256 2801 257 2808 ἵ
301 2817 426 2893 liberos,
442 2817 584 2877 virorum·
592 2817 624 2875 in
636 2834 749 2876 uxores
765 2816 899 2876 scelera?
914 2814 1047 2876 Gernitis
1062 2813 1246 2873 crudelitate
1259 2813 1373 2870 mixtas

301 2926 455 3002 libidines,
482 2925 594 2985 videtis
620 2925 783 3001 immancs3
819 2925 950 2984 duorum
978 2923 1183 2984 maximorum
1208 2920 1373 2980 criminum

302 3039 453 3102 auctores,
470 3034 579 3109 quibus
594 3033 774 3092 criminibus
789 3033 855 3092 haec
873 3037 937 3092 tota
960 3032 1040 3108 apud
1062 3030 1188 3108 ignaros
1212 3033 1265 3087 aut
1288 3027 1372 3086 invi·

302 3143 356 3202 dos
371 3142 484 3202 famata
505 3159 596 3200 causa
613 3146 672 3216 est,
690 3140 770 3200 omni
786 3139 922 3199 facinore
939 3145 969 3198 et
982 3138 1100 3214 flagitio
1116 3136 1299 3196 deformatos
1315 3136 1372 3195 ha-

302 3249 392 3310 betis.

322 3411 325 3426 ,
344 3355 391 3414 14.
416 3355 499 3414 Num
512 3351 609 3428 igitur
631 3335 663 3410 in
683 3350 731 3410 bis
753 3351 946 3429 criminibus,
957 3351 1091 3428 judices,
1109 3350 1225 3410 residet
1236 3354 1302 3428 jam
1315 3350 1373 3408 ali-

302 3480 361 3537 qua
376 3459 530 3536 suspiciet
546 3459 616 3519 Non
630 3465 818 3536 perpurgata
828 3427 921 3518 ¹sunt?
937 3477 995 3518 non
1011 3457 1168 3518 refutata?
1184 3477 1242 3517 non
1257 3456 1374 3519 fracta?

304 3569 363 3640 Qui
391 3567 488 3643 igitur
511 3566 543 3624 id
569 3565 684 3624 factum
708 3566 774 3624 esst
799 3565 876 3636 Quia
901 3565 1013 3624 dedisti
1037 3565 1124 3640 mihi,
1150 3565 1278 3642 Triari,
1294 3566 1372 3642 quod

303 3676 462 3742 diluerem,
473 3672 505 3730 in
516 3689 574 3748 quc
585 3677 830 3748 argumentarer,
844 3673 881 3731 de
896 3691 954 3749 quo
965 3673 1170 3750 disputarem3
1190 3671 1262 3749 quia
1276 3691 1371 3750 genus

304 3781 452 3859 ejusmodi
470 3779 529 3838 fuit
550 3779 724 3855 criminum,
747 3780 826 3856 quod
850 3797 908 3838 non
937 3785 1035 3839 totum
1058 3780 1204 3856 penderet
1223 3797 1262 3838 ex
1281 3786 1370 3854 teste,

305 3889 356 3947 sed
372 3888 449 3964 quod
465 3888 648 3965 ponderaret
663 3886 674 3921 ³
685 3887 782 3966 judex
797 3887 863 3964 ipse
877 3905 931 3964 per
947 3905 989 3972 se.

332 4086 341 4119 1
358 4083 402 4128 Sed
411 4106 421 4115 -
436 4083 549 4125 oblideret
564 4080 643 4124 laudat
653 4079 784 4138 Porphyrio
794 4081 822 4124 ad
832 4081 911 4124 Horat.
928 4084 1001 4125 Serui.
1014 4083 1044 4124 ΙΙ.
1055 4091 1071 4124 1.
1082 4083 1116 4126 56.
1126 4083 1148 4125 l.
1163 4085 1188 4126 t'.
1199 4081 1299 4126 Leclerc.

331 4153 342 4188 ἵ
358 4154 414 4202 Quoe
423 4175 436 4186 -
449 4176 461 4184 -
474 4156 596 4198 Norenses
604 4151 675 4195 babet
685 4151 827 4195 Severianus
838 4155 904 4208 synt.
916 4152 983 4196 Rhet.
995 4165 1017 4207 p.
1031 4154 1078 4196 339.
1090 4155 1160 4208 capp.
1171 4155 1192 4197 J.
1204 4155 1232 4196 V.
1243 4155 1343 4198 beclerc.

332 4225 343 4263 3
358 4226 402 4272 Sed
411 4224 476 4282 quod
484 4245 495 4256 ·
510 4245 520 4255 -
533 4235 580 4280 per
590 4234 615 4264 se
626 4223 696 4270 habet
707 4223 796 4269 scholia
808 4223 933 4268 Bobiensia
944 4225 972 4266 ad
983 4225 1109 4268 orationem
1119 4237 1161 4279 pro
1172 4224 1267 4271 Scauro.
