3044 4938
422 1363 587 1438 osirro
615 1366 696 1438 rao
721 1365 754 1454 1.
781 1363 956 1437 1111111111

211 1889 281 1960 Vix
297 1913 341 1962 ex
359 1889 511 1962 onmium
529 1912 700 1962 consensu
718 1889 840 1962 Cicero
859 1887 983 1960 consul
998 1911 1076 1960 cum
1091 1886 1129 1957 C.
1147 1885 1225 1958 An-

161 2006 254 2076 tonio
281 2001 395 2076 factus
418 2012 506 2090 crat,
529 2015 633 2099 atque
657 2005 714 2092 iis,
735 2005 795 2098 qui
816 2013 950 2076 tantum
971 2001 1124 2076 fructum
1151 2003 1222 2074 elo-

162 2119 313 2213 quentiae
332 2118 558 2192 tribuendum
577 2145 654 2194 esse
674 2123 739 2216 ipsi
758 2129 982 2209 censuerant,
1003 2120 1086 2214 quid
1100 2142 1222 2190 conse-

163 2234 222 2328 qui
236 2241 350 2329 posset
369 2235 553 2308 ostendere
567 2236 727 2330 parabat,
743 2259 849 2331 quum
864 2258 906 2308 ea
919 2236 1136 2324 auctoritate,
1148 2258 1227 2329 quae

162 2350 201 2420 in
219 2372 257 2419 se
271 2349 362 2444 apud
384 2350 548 2445 populum
564 2375 700 2423 summa
715 2345 804 2440 erat,
821 2361 979 2446 tempore
995 2352 1145 2447 quodam
1162 2375 1227 2446 pe-

165 2463 428 2548 riculosissimo,
437 2465 488 2534 uti
501 2473 638 2538 coactus
648 2475 711 2538 est.
725 2465 962 2550 Quadriennio
972 2477 1066 2555 ante,
1079 2468 1120 2538 L.
1133 2468 1230 2541 Ros-

164 2579 254 2666 cius,
276 2578 586 2672 tribunusplebis,
608 2590 647 2651 ut
669 2580 738 2650 sibi
759 2580 911 2673 gratiam
931 2591 1035 2675 atque
1058 2582 1230 2675 equestris

163 2695 299 2766 ordinis
329 2695 480 2766 studium
508 2706 748 2792 compararet,
779 2699 820 2768 P.
847 2695 1008 2770 Africani
1037 2696 1230 2791 superioris
1304 2715 1307 2722 ·

164 2809 388 2904 exemplum¹
407 2809 583 2905 imitatus,
607 2811 665 2905 qui
691 2811 866 2905 quondam
888 2810 981 2882 ludis
1006 2818 1087 2882 ante
1111 2811 1228 2910 populi

165 2949 367 2998 consessum
391 2927 527 2998 senatui
551 2928 663 2998 locum
682 2927 839 3019 dederat,
861 2927 978 3020 legem
1002 2927 1140 3013 tulerat,
1163 2949 1230 3020 qua

166 3039 340 3134 equitibus
355 3040 615 3134 quatuordecim
637 3043 812 3133 graduum
834 3041 989 3130 ordines,
1011 3031 1103 3134 ¹pone
1124 3061 1229 3119 sena-

166 3162 241 3226 tum
255 3151 282 3242 ²,
304 3153 587 3247 assignabantur.
618 3156 798 3243 Primum,
827 3155 996 3227 honorem
1023 3155 1141 3243 illum,
1163 3179 1231 3250 quo

165 3271 233 3342 istc
247 3269 332 3340 ordo
345 3267 590 3354 decorabatur,
603 3267 705 3342 facile
715 3270 816 3365 plebs
829 3293 933 3367 passa
947 3279 1037 3358 erat,
1051 3270 1079 3342 si
1094 3270 1231 3365 quidem

167 3383 290 3456 Cicero
309 3381 479 3456 affirmat³
493 3383 610 3477 legem
627 3385 791 3458 Rosciam
807 3385 941 3481 plebem
961 3409 1031 3456 uon
1050 3386 1149 3459 modo
1170 3409 1233 3457 ac-

168 3499 314 3595 cepisse,
337 3499 521 3572 sedetiam
548 3497 779 3592 efflagitasse3
799 3525 934 3594 verum,
957 3511 1098 3597 propter
1116 3501 1232 3573 mobi-

167 3615 303 3686 litatem
331 3623 434 3707 atque
461 3613 593 3684 homini
619 3615 761 3687 insitam
788 3607 1014 3710 innatamque
1038 3617 1230 3704 invidiam,

199 3927 208 3960 ¹
225 3926 277 3974 Pro
292 3925 411 3976 Cornelio
421 3930 442 3987 i,
458 3919 609 3991 fragmenta.
626 3959 653 3964 —
669 3930 707 3978 De
722 3929 875 3992 Aruspicum
888 3930 1025 3995 responsis,
1041 3947 1065 3980 c.
1078 3945 1124 3980 xrr.

198 4007 209 4040 ²
225 4007 276 4133 pbo
289 4007 407 4066 Murena,
421 4025 443 4058 c.
452 4023 538 4059 xrx.-
549 4009 601 4060 Tit.
613 4009 678 4069 Liv,
692 4009 814 4073 Epitorn„
823 4025 947 4061 xcxix.-
958 4011 1074 4069 duvenal,
1088 4011 1134 4068 111,
1146 4027 1167 4058 v.
1178 4010 1231 4070 159,
1337 4055 1342 4059 .

164 4085 239 4133 etxl
269 4086 386 4143 ‚v.323.

195 4165 207 4200 ³
221 4166 273 4216 Pro
286 4165 403 4232 Cornelio
418 4169 437 4227 l,
455 4135 607 4234 magmenta.

1093 4277 1109 4325 5
