3070 4950
255 413 271 461 a
374 365 1218 486 uncresaoursenarronuurianunuurrs·
1298 389 1299 392 ’

257 538 333 630 ipso
352 530 594 605 didicerimus¹
616 555 675 602 eas
692 531 843 624 juvenili
872 530 1020 625 quadam
1045 528 1184 599 dicendi
1205 531 1325 623 impu—

258 651 367 721 nitate
377 659 411 721 et
421 649 560 719 licentia
575 647 813 740 superfluisse.
831 647 978 733 Verum,
997 647 1077 740 quia
1087 668 1130 714 ex
1146 645 1243 734 Asia,
1257 669 1325 739 quo

259 789 296 836 se
311 765 508 836 contulerat
524 787 595 833 non
611 762 876 856 solumpropter
887 763 1282 857 corporisgracilitatem
1293 769 1327 830 et
1368 850 1376 862 x

259 881 525 975 intemperatam
541 879 678 950 dicendi
693 877 977 950 consuetudinem
994 878 1054 949 sed
1070 880 1174 950 etiam
1186 884 1327 970 propter

261 994 369 1066 Sullae
382 994 563 1074 dictatoris
580 1004 724 1082 metum,
737 994 814 1086 jam
828 993 1049 1066 exercitatior
1068 1003 1103 1064 et
1117 1015 1223 1088 prope
1246 1015 1327 1072 mnf

260 1119 353 1181 tatus
369 1105 471 1180 rediit
476 1131 487 1216 5
506 1108 586 1202 quia
605 1109 737 1195 statim,
756 1105 856 1195 Cotta
871 1118 906 1180 et
919 1107 1108 1180 Hortensio
1126 1109 1218 1179 inter
1232 1116 1328 1177 cete-

261 1247 320 1294 ros
333 1233 498 1317 patronos
518 1222 784 1309 excellentibus,
806 1222 943 1293 nobiles
964 1246 1087 1295 causas
1107 1247 1215 1316 agere
1228 1224 1327 1293 inoe-

261 1341 323 1432 pit,
336 1346 410 1409 tum
420 1336 553 1410 laboris
569 1347 603 1408 ct
616 1337 802 1408 industriae
813 1336 926 1408 nostri
940 1340 1087 1410 oratoris
1102 1348 1328 1410 monumenta

227 1515 232 1518 .
260 1455 456 1549 inquirere,
480 1463 552 1525 tum
572 1452 781 1547 ubicumque
799 1453 970 1547 impressa
989 1455 1140 1547 vestigia
1166 1456 1327 1549 persequi

261 1593 378 1663 operae
393 1570 543 1663 pretium
562 1577 626 1641 est.
644 1568 728 1639 Inde
744 1568 836 1638 enim
849 1592 993 1640 cursum
1005 1568 1101 1641 illius
1115 1593 1328 1662 cognoscere

261 1686 352 1774 licet,
376 1697 409 1757 et
435 1709 502 1780 quo
528 1685 642 1756 studio
669 1705 805 1778 quaque
830 1707 926 1775 cura,
948 1709 1055 1780 quum
1078 1695 1254 1779 speratam
1273 1681 1329 1754 di-

263 1801 362 1874 cendi
376 1798 528 1894 gloriam
540 1799 679 1893 assequi
692 1797 814 1886 vellet,
829 1799 872 1870 ad
886 1799 978 1870 hanc
995 1824 1165 1872 summam
1180 1802 1330 1872 oratoris

251 1917 403 1989 laudem
421 1917 635 2012 pervenerit.
657 1917 699 1986 ln
718 1911 853 1987 Bruto2
872 1939 934 1987 suo
951 1916 1135 1990 confitetur
1150 1919 1224 2010 ipse
1238 1919 1329 1988 inter

264 2033 419 2129 aequales
437 2056 519 2105 suos
537 2032 714 2103 neminem
729 2030 835 2102 fuisse
851 2039 1048 2126 patronum,
1067 2060 1084 2103 a
1103 2033 1160 2127 qui
1174 2031 1331 2126 philos0u

263 2152 380 2248 phiam
392 2151 592 2244 complexus
608 2157 711 2236 esset,
726 2137 872 2219 matrem
887 2149 1041 2219 omnium
1056 2148 1146 2221 bene
1158 2146 1331 2221 factorum

264 2269 423 2362 beneque
441 2266 632 2354 dictorum,
655 2263 828 2334 neminem
849 2263 907 2357 qui
921 2263 981 2356 jus
1003 2263 1107 2334 civile
1128 2263 1328 2351 didicisset,

266 2408 341 2455 rem
371 2381 416 2454 ad
442 2383 599 2476 privatas
627 2401 752 2450 causas
788 2387 822 2450 et
853 2377 897 2448 ad
926 2380 1077 2450 oratoris
1110 2379 1332 2474 prudentiam

267 2500 418 2572 maxime
433 2497 688 2584 necessariam;
714 2547 785 2564 .....
807 2492 982 2564 neminem
999 2492 1185 2586 (tandem),
1202 2494 1261 2587 qui
1276 2493 1331 2564 di—

266 2617 379 2689 latare
398 2624 516 2711 posset
532 2623 639 2707 atque
662 2633 683 2683 a
702 2609 843 2705 propria
868 2633 908 2680 ac
933 2609 1078 2682 definita
1098 2609 1334 2702 disputatione

267 2733 418 2805 hominis
435 2739 469 2803 et
492 2729 658 2823 temporis
686 2725 731 2798 ad
754 2749 974 2798 communem
997 2725 1228 2820 quaestionem
1251 2725 1336 2796 uni—

267 2849 363 2921 versi
375 2847 517 2941 generis
533 2846 728 2916 orationem
743 2841 958 2931 traduceret3
983 2865 1002 2910 n
1019 2841 1150 2934 itaque,
1168 2840 1336 2933 flagranti

269 2964 395 3037 ardore
414 2944 600 3049 incensus,
629 2961 741 3048 hunc,
772 2959 830 3052 qui
854 2955 994 3029 omnino
1013 2957 1138 3028 Romae
1155 2979 1336 3050 nunquam

271 3079 409 3168 fuerat,
432 3078 628 3172 exprimere
650 3072 781 3162 voluit3
804 3081 855 3160 et,
878 3095 949 3143 non
966 3081 1003 3142 ut
1023 3072 1060 3140 in
1080 3069 1157 3144 foro
1172 3073 1333 3161 disceret,

271 3197 332 3268 sed
349 3197 386 3267 in
400 3194 558 3268 omnium
574 3193 812 3264 doctrinarum
830 3191 1058 3264 meditatione
1069 3193 1145 3286 J'am
1159 3202 1334 3278 versatus,
1414 3261 1416 3266 .

271 3307 316 3377 ad
334 3327 457 3378 causas
475 3308 635 3378 accessit.
656 3307 765 3400 Ergo,
785 3309 816 3378 si
832 3307 936 3402 hujus
955 3307 1059 3401 spatii
1077 3309 1252 3382 orationes
1270 3307 1338 3380 ha'-

272 3423 360 3494 bitas
378 3422 435 3494 vel
454 3422 637 3517 paululum
657 3423 889 3514 attigerimus,
906 3423 1236 3500 ,animadvertemus
1258 3448 1338 3496 eum

272 3566 356 3630 non,
378 3540 557 3614 Hortensii
573 3563 683 3629 more,
701 3541 738 3610 in
754 3539 917 3613 omnibus
936 3541 1052 3612 causis
1066 3562 1180 3632 genus
1199 3550 1233 3611 et
1253 3559 1339 3612 sen-

273 3657 392 3729 tentiis
411 3656 590 3726 concinnis
614 3653 872 3750 frequentatum
887 3665 921 3728 et
940 3655 1059 3725 verbis
1074 3653 1219 3728 volucre
1237 3662 1339 3749 atque

272 3772 453 3842 incitatum
471 3754 679 3856 obtinuisse3
702 3779 823 3844 contra
841 3782 958 3843 autem
976 3769 1121 3840 humilia
1141 3768 1336 3855 subtiliter,

273 3909 402 3979 magna
416 3887 586 3978 graviter,
602 3887 790 3958 mediocria
806 3895 996 3980 temperate
1006 3885 1123 3958 dicere
1134 3885 1338 3958 tentavisse.

306 4174 315 4206 1
334 4172 437 4233 Brutus,
454 4191 476 4224 c.
491 4189 544 4223 xm.

168 4248 176 4255 ⁵
249 4313 253 4320 ¹
305 4252 474 4317 ²Brutus‚,c.
490 4267 564 4304 xetu.
