3044 4938
221 379 533 432 INTERROGATIO
554 380 602 432 DE
623 381 716 432 ΜΕ
737 380 889 434 amnuo
911 381 1076 436 MILONIS
1138 379 1182 430 ll'l

115 501 237 574 furens
251 524 293 574 ac
310 499 575 572 minitabundus
596 500 671 595 ipse
695 499 841 572 Clodius
858 497 1086 595 praefueras.
1103 499 1187 578 Hu-,

114 617 173 712 jus
195 618 248 690 rei
278 617 480 688 narratione
504 616 658 710 priorem
680 615 850 688 orationis
873 637 948 688 suae
970 622 1120 710 partem,
1147 622 1190 687 ut·

116 732 299 828 probabile
317 739 382 824 est,
405 729 524 804 Cicero
544 731 775 805 concludebat
795 757 803 802 ι
821 754 890 827 qua
910 731 1049 804 ratione
1067 737 1187 810 antem¹

116 849 162 920 ad
176 849 321 922 alteram
341 848 608 938 transcenderet
625 872 644 946 e
659 846 791 920 scholia
807 846 992 920 Bobiensia
1008 869 1078 920 non
1088 845 1185 939 diju-

115 965 235 1039 dicare
253 964 348 1040 licet.
370 968 446 1040 Hoc
460 974 596 1052 tanturn
613 967 788 1056 novimus,
803 964 936 1038 scilicet
955 963 1115 1036 Clodium
1123 961 1184 1033 Ci-

115 1079 249 1168 ceroni,
267 1081 324 1176 qui
344 1105 414 1154 non
435 1103 494 1155 eos
513 1080 708 1174 attingebat
727 1081 785 1177 qui
805 1079 885 1176 plus
899 1087 1053 1176 possent,
1067 1067 1190 1163 humiss¹

115 1196 250 1270 litatem
269 1199 612 1295 exsecrationemque
636 1201 883 1294 exprobrasse,
906 1205 941 1270 ct
964 1195 1182 1282 Ciceronem,

116 1312 153 1382 in
174 1313 437 1408 respondendo,
460 1313 619 1388 docuisse
639 1337 741 1410 quam
766 1314 958 1402 demissus,
980 1335 1086 1408 quarn
1100 1335 1185 1406 sup-

116 1426 200 1521 plex
216 1429 280 1500 iste
295 1430 482 1502 vehemens
500 1440 696 1524 naturaque
717 1427 816 1502 ferox
838 1452 860 1501 a
881 1428 1047 1522 Pompeio
1064 1449 1185 1521 pacem

118 1544 329 1641 veniamque
344 1547 512 1641 petiisset.
530 1547 707 1634 Ceterum,
725 1569 795 1618 non
810 1545 932 1620 eadem
943 1565 1193 1637 mensuraque

119 1671 316 1755 acceperat,
345 1661 406 1752 sed
436 1663 685 1752 cumulatiore,
709 1661 915 1734 adversario
939 1658 1188 1730 insectationes

118 1775 269 1849 reddere
295 1763 413 1850 noster
443 1779 592 1852 solebat.
621 1779 760 1874 Itaque,
788 1787 1014 1873 posteaquam
1051 1798 1186 1848 summa

118 1915 198 1964 curn
217 1893 405 1967 acerbitate
423 1898 463 1967 P.
486 1895 597 1966 Clodii
615 1895 867 1989 impudentiam
885 1904 920 1966 et
934 1893 1187 1989 turpitudinem

117 2006 352 2103 denotasset2,
362 2011 473 2084 amice
488 2033 529 2084 ac
541 2011 713 2084 benevole
728 2035 806 2083 eum
821 2011 865 2084 de
878 2010 1098 2082 sermonibus
1109 2031 1187 2080 mo—

119 2121 258 2212 uebat³,
277 2125 399 2220 quibus
417 2127 574 2199 homines
595 2136 738 2221 egentes
758 2127 927 2200 maledico
948 2126 1051 2198 dente
1064 2133 1196 2220 patro<

119 2262 203 2310 num
224 2265 327 2312 suum
345 2265 490 2336 carpere
508 2243 742 2340 incipiebant3
767 2253 814 2333 et,
836 2243 1053 2314 correctione
1066 2250 1182 2328 utens,

119 2379 200 2452 quae
218 2359 357 2453 quidem
372 2383 443 2432 non
458 2360 600 2454 ingrata
613 2383 706 2454 saepo
722 2360 825 2432 etiam
842 2359 879 2430 in
894 2359 1087 2430 continenti
1101 2381 1185 2430 ora-

119 2476 217 2548 tione
235 2477 452 2570 perjucunda
471 2485 543 2565 est,
564 2477 697 2567 denne,
719 2485 757 2549 ut
781 2475 846 2546 Cn.
866 2473 1071 2570 Pompeium
1096 2497 1187 2544 novo

119 2592 236 2665 reditu
246 2591 283 2662 in
295 2594 446 2685 gratiam
461 2595 661 2666 devinctum
672 2593 771 2688 quasi
784 2589 971 2679 solverer,
987 2589 1037 2660 illi
1047 2590 1088 2660 P.
1103 2589 1188 2660 Glo-

119 2708 217 2780 dium
231 2708 431 2781 insidiatum
446 2733 523 2782 esse
538 2708 768 2801 memorabat.
786 2706 900 2790 Quum
919 2705 987 2795 ita,
1009 2705 1108 2800 paria
1121 2729 1188 2800 pa-

119 2825 220 2896 ribus
240 2825 493 2919 respondendo,
518 2827 649 2900 acriter
677 2834 711 2898 et
735 2824 961 2896 uehementer
983 2821 1188 2896 infensissi-

120 2965 215 3014 mum
235 2941 413 3012 inimicum
432 2967 534 3016 suum
556 2943 765 3032 lacerasset,
783 2943 884 3014 istius
902 2939 1084 3013 audaciam
1100 2960 1187 3009 con-

118 3057 269 3129 tundere
283 3058 456 3147 tentabat,
478 3060 571 3134 salse
590 3069 624 3132 et
638 3046 810 3132 ¹dicaciter
830 3055 1022 3129 irridendo.
1044 3055 1187 3128 Etenim
1259 3153 1261 3160 Ι

120 3171 310 3246 modestius
329 3174 361 3246 ei
378 3175 545 3248 suadebat
564 3185 602 3248 ut
621 3175 758 3249 tabulas
770 3172 795 3264 ⁵,
816 3173 941 3270 quibus
959 3173 1191 3245 Ciceroniana

119 3290 269 3362 crimina
287 3291 474 3385 diligenter
495 3294 760 3388 perscripserat,
782 3312 937 3386 quasque
956 3290 992 3360 in
1012 3287 1187 3360 vestibulo
1300 3329 1303 3335 ·

118 3407 283 3497 habebat,
302 3409 401 3503 quasi
415 3431 484 3480 non
501 3408 627 3481 inanes
642 3415 774 3498 essent,
793 3406 909 3479 statim
925 3405 1110 3498 refigeret3
1129 3411 1188 3475 at-

119 3547 188 3619 que
206 3548 276 3597 una
295 3525 497 3616 simulabat,
519 3526 600 3622 quia
619 3525 791 3619 plurimus
809 3523 904 3594 circa
928 3519 1202 3606 simulationem·

119 3642 216 3712 risus
236 3637 323 3731 est⁶,
340 3641 383 3712 P.
407 3641 564 3714 Clodium
586 3641 624 3712 in
645 3639 789 3712 Milonis
806 3657 993 3732 personam
1010 3657 1124 3729 neque
1145 3633 1188 3716 de

153 3840 162 3874 ¹
183 3855 196 3885 a
212 3837 260 3897 Qui
274 3840 361 3890 multis
374 3840 584 3905 inspectantibus,
600 3859 612 3889 u
628 3845 676 3892 etc.

153 3917 164 3953 ²
178 3937 191 3962 c
206 3918 265 3968 Non
277 3919 373 3983 pudetl
386 3919 429 3968 sed
442 3919 505 3983 quid
517 3919 619 3986 pudeat,
630 3935 643 3968 u
659 3924 707 3970 etc.

152 3998 164 4034 ³
181 4014 194 4043 u
209 3997 251 4046 Sic
264 3997 332 4046 enim
345 3998 460 4047 homines
474 4003 588 4062 egentes,
599 4018 612 4044 a
629 4003 677 4048 etc.

154 4079 166 4113 ⁴
186 4094 198 4122 u
211 4076 279 4127 Male
293 4077 378 4126 dicere
389 4083 481 4144 autem,
494 4077 547 4130 imo
561 4093 631 4140 vero,
642 4096 655 4126 u
668 4085 715 4128 etc.

152 4159 165 4194 ⁵
183 4175 195 4204 u
210 4156 321 4221 thuas
335 4148 441 4208 haberet
453 4157 479 4206 iu
495 4158 629 4218 vestibulo,
645 4176 658 4206 u
674 4165 723 4207 etc.

152 4239 165 4274 ⁶
180 4237 360 4314 Quintilianus,
371 4237 417 4290 lib.
431 4238 477 4298 Vl,
492 4254 515 4288 c.
532 4254 568 4290 ru.
