3044 4938
329 377 374 428 tto
444 377 492 428 DE
514 375 728 428 CICERONIS
748 374 990 426 ORATIONUM
1010 377 1205 429 FRA'GMEN
1220 381 1225 423 l
1239 379 1274 428 lS

328 494 462 566 rionem
479 517 541 566 seu
561 501 772 586 argumenta
791 492 1130 596 sen'senteutiarnm
1150 517 1191 566 ao
1203 495 1396 568 verborum

327 610 461 684 lumina
479 633 626 705 usquam
643 607 890 702 desumpsisse.
916 610 992 682 Hoc
1014 620 1131 683 autem
1150 636 1192 684 eo
1211 612 1326 706 magis
1343 620 1396 684 est

328 727 610 815 desiderandum,
631 750 698 822 qno
713 726 757 798 de
771 725 872 799 istius
887 726 979 797 modi
996 728 1174 822 operibus
1190 729 1288 822 eujus
1304 752 1395 826 pan-

327 843 422 918 ciora
432 851 570 917 exstant
582 841 796 936 fragmenta,
810 838 989 914 difficilius
1004 852 1057 916 est
1071 845 1285 918 existimare.
1298 845 1395 938 Ergo

328 959 371 1034 de
389 961 432 1032 iis
451 959 585 1032 cautius
604 958 778 1053 judicium
798 954 924 1030 faciam
947 981 1092 1032 neeesse
1111 971 1177 1052 est,
1199 985 1243 1032 ne
1263 985 1307 1034 ea
1322 985 1398 1034 me-
1485 1009 1486 1012 =

329 1076 476 1150 lioribus
497 1073 640 1148 offeram
657 1073 842 1164 laudibuS,
867 1097 972 1170 quam
987 1077 1064 1171 quis
1081 1077 1118 1151 id
1136 1102 1221 1151 vere
1243 1078 1397 1172 potuisse

329 1191 405 1266 lieri
419 1197 533 1285 putat3
551 1190 619 1262 nisi
645 1189 886 1273 Quintilianus
913 1193 1041 1286 (noque
1058 1191 1126 1266 ista
1143 1193 1229 1266 mihi
1242 1217 1323 1266 esse
1343 1193 1397 1264 vi-

330 1305 431 1378 detur
445 1303 663 1377 subabsurda
679 1303 813 1399 opinio)
828 1305 915 1376 uuas
930 1306 1107 1380 orationes
1118 1307 1197 1380 illas
1210 1333 1274 1403 pro
1286 1309 1398 1380 alter-

331 1418 525 1494 cationibus
543 1418 718 1508 habuerit,
735 1418 925 1513 inquibus,
942 1428 979 1492 ut
996 1421 1137 1510 seimuS,
1157 1447 1244 1518 opus
1259 1435 1314 1498 est
1329 1425 1398 1496 im-

330 1537 464 1634 primis·
479 1533 621 1627 ingenio
649 1534 762 1606 veloci
788 1542 894 1629 atque
915 1536 1002 1626 aori,
1029 1538 1120 1631 quia,
1143 1538 1235 1633 qnod
1256 1563 1300 1614 ex
1324 1550 1399 1613 arte

220 1729 222 1736 ,
331 1651 420 1728 uon1
445 1651 543 1724 veuit
570 1649 632 1722 sed
655 1659 798 1740 natura,
823 1651 975 1722 maxime
999 1653 1093 1726 valet
1116 1676 1274 1730 acumen.
1296 1657 1400 1754 Atqui

332 1767 664 1870 afllrmare'possum
678 1783 748 1838 non
768 1788 809 1838 ea
825 1765 928 1842 laude
946 1765 1260 1862 interrogationem
1272 1772 1318 1845 de
1330 1794 1402 1845 aere
1487 1839 1488 1854 ,

334 1884 447 1956 alieno
466 1881 611 1954 Milonis
630 1882 796 1972 caruisse,
814 1904 922 1976 quum
937 1905 1008 1954 non
1027 1884 1140 1955 solum
1154 1884 1312 1960 refutare
1325 1912 1401 1984 quae
1487 1897 1488 1928 ³

334 2023 353 2071 e
372 1998 549 2070 contrario
564 1995 654 2070 dicta
673 2006 787 2086 erant,
804 1999 867 2070 sed
885 1999 990 2072 etiam
1009 2009 1245 2087 contemnere,
1262 2003 1401 2077 elevare

334 2126 465 2188 etcum
485 2136 621 2186 summa
640 2113 838 2186 urbanitate
856 2114 974 2188 ridere
995 2116 1116 2190 Cicero
1134 2119 1291 2192 sciverit.

368 2347 374 2380 ¹
394 2349 574 2410 Quintilianus,
590 2349 635 2426 lib,
650 2349 695 2411 Vl,
707 2365 729 2399 o.
743 2365 779 2400 iv.
