3024 4944
239 376 491 428 FRAGMENTA
512 376 755 427 cantionum
777 377 1102 454 DE⁴PERD1TARUM
1159 381 1205 429 189

177 495 228 554 43.
252 497 363 565 Quare,
390 512 483 570 quum
507 493 621 571 integri
644 493 722 553 nihil
745 493 892 556 fueritin
914 495 1080 572 haegente
1102 495 1202 572 plena,

138 619 227 677 quam
246 603 338 662 valde
357 593 423 662 eam
446 609 588 679 putamus
602 607 647 662 tot
662 603 921 664 transfusionibus
945 603 1126 662 coacuisset
1146 601 1204 662 Hic

138 708 213 767 mihi
227 709 366 785 ignoscet
376 710 432 770 Gn.
444 709 596 770 Domitius
607 709 617 746 ¹
629 709 781 786 Sincaius,
791 710 843 770 vir
854 709 1080 784 ornatissimus,
1093 709 1204 785 hospes
1280 755 1282 764 ,

139 815 349 877 etfamiliaris
368 835 469 895 meus3
492 815 652 894 ignoscent
676 817 808 894 denique
832 835 936 878 omnes
959 819 998 877 ab
1023 817 1129 876 eodem
1147 817 1204 876 Cn.

137 921 287 999 Pompeio
309 922 435 984 civitate
461 922 575 994 donati,
600 941 730 1000 quorum
750 927 851 984 tamen
876 923 1010 984 omnium
1032 921 1207 982 laudatione

139 1030 274 1107 utimur;
299 1030 459 1108 ignoscent
473 1029 528 1090 alii
541 1030 603 1090 viri
618 1031 688 1091 boni
708 1048 748 1090 ex
766 1030 921 1105 Sardinia,
937 1030 1028 1090 credo
1042 1029 1124 1090 enim
1138 1047 1208 1090 esse

140 1138 298 1214 quosdam.

178 1245 228 1306 44.
251 1247 360 1322 Neque
386 1264 454 1324 ego,
480 1265 573 1324 quum
601 1247 751 1309 devitiis
779 1247 880 1325 gentis
908 1247 1028 1323 loquor,
1054 1245 1206 1306 neminem

139 1353 269 1431 excipio.
292 1355 353 1414 Sed
371 1373 389 1414 a
408 1373 456 1414 me
478 1361 527 1414 est
549 1357 587 1416 de
605 1356 750 1416 universo
769 1374 882 1433 genere
903 1353 1076 1422 dicendum,
1096 1351 1129 1412 in
1149 1371 1207 1429 quo

139 1460 271 1521 fortasse
290 1461 386 1536 aliqui
410 1461 475 1522 suis
502 1462 640 1522 moribus
659 1469 689 1521 et
710 1461 900 1522 humanitate
924 1459 1032 1537 stirpis
1059 1458 1156 1537 ipsius
1177 1465 1209 1518 et

140 1567 241 1643 gentis
255 1568 332 1628 vitia
345 1567 497 1644 vicerunt.
522 1571 665 1645 Magnam
682 1569 804 1646 quidem
819 1585 887 1629 esse
906 1573 1025 1644 partem
1049 1565 1115 1626 sine
1133 1566 1205 1638 fide,

139 1675 206 1735 sine
220 1675 366 1736 societate
377 1681 407 1735 et
422 1657 639 1754 conjunctione
651 1675 783 1736 nominis
799 1674 897 1734 nostri
910 1691 960 1734 res
976 1675 1043 1751 ipsa
1058 1673 1204 1733 declarat.

140 1783 214 1856 Quae
229 1789 276 1842 est
290 1783 371 1842 enim
383 1788 497 1860 praeter
512 1782 685 1845 Sardiniam
699 1782 870 1860 provincia,
886 1799 954 1857 quae
969 1780 1084 1842 nullam
1099 1780 1208 1838 habeat

141 1889 270 1950 amicam
283 1891 394 1968 populo
409 1907 534 1950 romano
550 1908 585 1950 ac
598 1891 729 1977 liberam
743 1888 755 1924 ²
770 1889 948 1951 civitatem?
976 1867 977 1874 ἵ

180 1999 230 2060 45.
253 2017 286 2062 a.
302 1998 408 2058 Africa
418 1998 484 2076 ipsa
495 2016 607 2076 parens
621 1999 677 2060 illa
688 1999 850 2077 Sardiniae,
862 2017 930 2077 quae
939 1997 1071 2077 plurima
1085 2005 1115 2058 et
1126 2018 1209 2060 acer-

141 2105 267 2166 bissima
281 2123 349 2168 cum
365 2106 532 2183 majoribus
548 2108 662 2168 nostris
678 2109 760 2168 bella
774 2107 882 2185 gessit,
898 2126 956 2167 non
972 2107 1071 2168 solum
1088 2107 1209 2167 tidelis-

141 2213 226 2275 simis
240 2215 357 2291 regnis,
377 2216 431 2274 sed
446 2214 539 2274 etiam
553 2215 585 2274 in
602 2215 669 2292 ipsa
686 2214 847 2293 provincia
865 2233 930 2274 sea
951 2214 1096 2275 societate
1110 2216 1210 2275 Puni-

141 2339 247 2382 corum
282 2321 432 2382 bellorum
470 2321 561 2382 Utica
590 2326 670 2382 teste
705 2323 851 2382 defendit.
884 2321 1033 2399 Hispania
1065 2323 1206 2392 ulterior,

143 2427 319 2505 Scipionum
342 2426 353 2463 ³
379 2425 530 2508 int[critu
551 2439 583 2488 et
601 2431 684 2504 fidei
704 2429 897 2507 Saguntina
919 2447 998 2505 rope
1020 2429 1206 2504 nobilitata,

140 2535 237 2596 dubet
253 2535 456 2594 Gaditanam
467 2538 630 2597 ciuitatem
640 2539 777 2613 officiis,
791 2538 964 2613 periculis,
979 2537 1103 2613 foedere
1118 2537 1210 2594 nodis

142 2648 364 2722 conjiusctam.
382 2647 497 2712 Quaero
509 2647 583 2722 jam
605 2662 758 2724 quaenam
778 2645 946 2704 Sardinia
968 2644 1084 2704 ciuitas
1102 2645 1210 2720 soedc—

142 2764 219 2814 rata
229 2757 334 2834 possit
348 2755 620 2815 commemorari?
634 2752 741 2812 Nulla
752 2756 913 2827 profecto.

182 2863 233 2923 45.
257 2866 284 2923 b.
309 2863 376 2926 Quo
399 2864 504 2938 igitur
525 2878 581 2920 ore
595 2861 631 2917 in
648 2859 764 2936 populi
786 2858 930 2916 Romani
948 2866 1157 2932 conspectum
1176 2876 1210 2918 se

144 2972 342 3030 committere
362 2969 465 3028 audet
479 2969 609 3028 Sardus
634 2961 739 3044 testis]
764 2955 858 3041 copiis
872 2963 973 3040 inops,
991 2970 1082 3042 gente
1100 2964 1207 3025 fallax.

142 3076 340 3157 (Arusianus,
357 3095 386 3154 p.
402 3076 474 3151 236,
490 3073 597 3153 Lind.)
613 3070 807 3153 [Repulsum
822 3073 920 3130 etiam
935 3090 989 3130 vos
1003 3089 1024 3131 a
1037 3075 1210 3132 consulatu

143 3186 276 3244 venistis
290 3192 321 3242 ct
331 3183 489 3258 beneficio
500 3169 619 3258 populi
632 3181 774 3240 Romani
787 3197 859 3239 cum
871 3181 1007 3256 privare
1022 3183 1211 3242 conamini?

143 3309 208 3367 qua
222 3285 456 3369 auctoritatci]

183 3397 234 3459 45.
257 3416 284 3458 c.
308 3394 451 3478 [Timere
463 3414 518 3456 vos
533 3397 621 3456 dicit
634 3404 815 3468 accusator,
832 3412 875 3454 ne
888 3395 1036 3456 Scaurus
1050 3413 1090 3455 ca
1107 3413 1210 3472 peccc-

143 3505 213 3581 nia,
225 3522 324 3582 quam
333 3504 373 3562 ab
386 3506 484 3562 sociis
494 3505 692 3577 abstulisset,
703 3513 822 3564 emeret
833 3505 1051 3580 consulatum,
1064 3511 1105 3576 et,
1121 3507 1209 3564 sicut

141 3621 240 3688 pater
253 3613 326 3687 ejus
342 3611 478 3686 fecisset,
492 3619 670 3688 antequam
684 3611 724 3672 de
738 3629 773 3670 co
780 3610 939 3685 judicari
950 3619 1069 3686 posset,
1087 3613 1209 3688 magis·

145 3728 271 3780 tratum
294 3721 406 3792 iniret,
430 3737 470 3779 ac
492 3733 611 3776 rursus
632 3723 709 3776 ante
731 3715 817 3774 alias
838 3713 1028 3788 prouincias
1050 3715 1209 3788 spoliaret

144 3844 244 3904 quam
264 3827 426 3887 rationem
448 3825 574 3902 prioris
595 3821 894 3882 administrationis
915 3819 1066 3880 redderet
1074 3841 1088 3892 ,·
1110 3830 1210 3898 atque

143 3935 230 3994 hanc
249 3935 357 4013 ipsam
370 3935 521 3993 Triarius
540 3933 762 3992 accusationis
782 3938 849 3990 tam
868 3927 1011 4004 turbide,
1028 3936 1096 3989 tam
1113 3932 1209 4005 sesti-

143 4049 265 4102 naater
278 4060 299 4100 a
311 4059 345 4100 sc
358 4048 514 4117 susceptu
528 4057 664 4100 causam
677 4032 853 4116 reddidit]

172 4214 207 4256 ¹-t
222 4211 288 4254 llaec:
306 4209 348 4254 Cu.
365 4209 489 4254 Domitius
504 4210 625 4253 Sincaius.
641 4233 664 4240 -
681 4205 796 4250 Liberam
815 4207 943 4249 ciuitatem.
961 4231 986 4238 -
1003 4205 1146 4260 Scipionum
1169 4209 1206 4249 ia·

145 4286 221 4328 teriia
232 4281 301 4326 habet
311 4279 397 4324 scholia
407 4280 537 4324 Bobiensie.
