3024 4944
276 389 530 440 FRAGMENTA
551 387 795 440 ORATIONUM
817 385 1141 440 DEPERDlTARUlll
1205 392 1249 442 143

98 563 110 572 „
217 508 266 570 52.
292 509 325 568 Si
344 508 412 586 quis
433 507 556 568 furem¹
578 505 745 575 occiderit,
773 505 887 584 injuria
907 505 1066 568 occiderit.
1089 509 1186 578 Quam
1210 511 1248 568 ob

172 618 259 676 remi
275 616 354 688 Quia
363 615 416 692 jus
432 615 632 674 constitutum
645 613 763 674 nullum
778 621 837 674 est.
859 614 957 684 Quidl
972 613 998 674 si
1013 631 1046 672 se
1061 615 1122 674 telo
1137 615 1245 676 defen·

177 724 365 786 derithon
374 723 499 801 injuria.
515 722 596 793 Quid
610 722 672 782 ital
682 721 760 794 Quia
774 721 974 782 constitutum
990 728 1082 784 est..
1128 767 1135 780 .
1184 767 1191 782 .
1239 767 1245 780 .

1126 875 1134 891 Ι
1180 875 1188 890 0
1236 831 1247 866 2
1335 829 1337 832 Ι

192 979 197 989 -
214 939 263 999 53.
294 945 394 999 tamen
414 955 523 1016 verum
541 936 657 996 factum
679 942 771 1006 esset,
796 937 944 1002 tamenin
961 937 1170 1013 eoipsolooo,
1194 939 1247 1016 qui

173 1051 245 1106 tuus
263 1051 360 1130 esset,
377 1064 436 1104 non
459 1045 547 1106 modo
570 1063 678 1104 servos
693 1044 736 1102 M.
754 1043 849 1104 Tullii
870 1043 1010 1104 occidere
1024 1048 1098 1123 jure
1113 1063 1173 1104 non
1189 1064 1247 1124 po-

172 1153 273 1222 tuisti,
290 1154 516 1229 verumetiam,
532 1153 558 1212 si
567 1159 682 1214 tectum
695 1153 751 1212 hoc
767 1153 916 1214 insciente
932 1157 985 1212 aut
999 1169 1055 1229 per
1068 1152 1132 1211 vim
1143 1153 1246 1213 demo-

169 1261 247 1320 litus
262 1279 358 1336 esses,
375 1262 454 1338 quod
469 1261 519 1321 hio
533 1262 627 1330 intuo
638 1261 860 1320 aedificassetet
871 1279 959 1318 suum
975 1277 1042 1319 esse
1056 1259 1243 1337 defenderet,

167 1367 199 1426 id
220 1367 253 1425 vi
280 1373 332 1428 aut
356 1369 434 1429 clam
454 1368 566 1428 lactum
584 1368 788 1445 J‘udioaretur.
806 1369 852 1427 Tu
869 1367 935 1444 ipsc
946 1369 1011 1444 jam
1032 1353 1135 1426 statue
1155 1385 1245 1444 quam

168 1493 280 1534 verum
306 1474 356 1546 sit,
380 1495 471 1552 quum
497 1485 609 1554 paucas
632 1476 752 1552 tegulas
773 1473 907 1554 dejicere
921 1475 1045 1551 impune
1061 1472 1177 1532 familia
1193 1479 1244 1534 tua

168 1599 228 1640 non
243 1582 391 1658 potuerit,
407 1583 694 1643 maximamcaedem
710 1582 891 1656 sinefraude
902 1581 1003 1640 facere
1013 1579 1161 1658 potuisse.
1179 1583 1243 1658 Ego

172 1689 251 1766 ipse,
270 1694 349 1749 tecto
364 1689 417 1750 illo
432 1690 614 1768 disturbato,
639 1692 666 1751 si
685 1691 775 1750 hodie
789 1691 940 1768 postulem
955 1689 1034 1765 quod
1049 1688 1081 1746 vi
1096 1693 1147 1746 aut
1161 1687 1243 1746 clam

171 1795 286 1855 factum
307 1796 358 1872 sit,
381 1802 414 1855 tu
439 1803 491 1856 aut
512 1816 567 1874 per
587 1797 738 1858 arbitrum
759 1798 907 1858 restituas
924 1802 975 1855 aut
991 1795 1153 1871 sponsione
1170 1813 1243 1854 oon-

171 1903 325 1967 demneris
349 1922 473 1963 necesse
496 1910 552 1966 est.
570 1906 660 1966 Nunc
674 1906 730 1965 hoc
745 1905 889 1982 probabis
910 1901 989 1961 viris
1005 1901 1129 1976 talibus,
1147 1920 1240 1977 quum

170 2011 334 2070 aedificium
350 2017 403 2071 tuo
413 2012 485 2088 jure
500 2013 676 2082 disturbare
696 2031 755 2072 non
768 2011 917 2090 potueris,
935 2010 1014 2086 quod
1025 2014 1119 2079 esset,
1136 2027 1241 2084 quem·

169 2117 331 2178 admodum
347 2124 380 2176 tu
395 2119 455 2188 uis,
472 2119 580 2193 intuo,
600 2119 749 2194 hominosJ
767 2119 863 2195 quiin
879 2137 914 2177 eo
925 2115 1053 2176 aedificio
1067 2114 1192 2188 fuerint,
1210 2123 1240 2174 tc

169 2230 222 2284 tuo
232 2225 305 2300 jure
320 2225 457 2302 potuisse
471 2226 632 2286 occideret
968 2199 977 2212 ’

210 2331 257 2390 54.
276 2333 318 2390 At
333 2349 442 2391 servus
467 2351 551 2392 meus
566 2353 624 2392 non
646 2339 811 2412 comparet,
839 2333 890 2410 qui
905 2333 990 2392 visus
1009 2338 1056 2392 ost
1077 2351 1146 2392 cum
1159 2331 1237 2406 tuis;

170 2444 201 2496 at
215 2456 286 2497 casa
299 2457 366 2498 mea
380 2444 427 2498 est
441 2441 566 2499 incensa
580 2460 595 2499 a
610 2442 683 2501 tuis.
700 2440 780 2512 Quid
801 2442 838 2500 ad
862 2442 926 2499 hoec
941 2440 1162 2517 respondeam?
1180 2440 1240 2498 Os-

169 2545 254 2603 tendi
272 2543 357 2604 falsu
369 2565 451 2624 esse3
479 2565 588 2606 verum
614 2555 715 2607 tamen
736 2548 913 2606 confitebor.
939 2547 1018 2617 Quid
1033 2549 1159 2625 posteat
1175 2549 1239 2606 Hoc

169 2652 310 2727 sequitur
324 2658 358 2713 ut
371 2652 517 2712 familiam
529 2657 571 2714 M.
590 2654 685 2714 Tullii
701 2655 819 2713 concidi
833 2654 1024 2730 oportueritl
1039 2654 1102 2714 Vix
1116 2656 1238 2714 meher-

67 2819 76 2838 Ι
169 2759 248 2828 culo,
268 2764 302 2816 ut
318 2759 435 2818 corium
449 2761 526 2837 peti3
543 2762 607 2836 vir,
628 2767 662 2823 ut
681 2761 809 2837 gravius
829 2759 1019 2837 expostulari
1040 2781 1047 2818 :
1068 2778 1187 2836 verum,
1206 2769 1238 2820 ut

168 2883 253 2926 esses
267 2865 459 2943 durissimus,
471 2868 521 2944 agi
537 2868 659 2943 quidem
672 2868 785 2927 usitato
796 2867 868 2943 jure
883 2873 913 2926 et
928 2867 1104 2943 quotidiana
1119 2867 1238 2926 actione

172 2973 282 3050 potuit.
298 2973 377 3044 Quid
388 2992 462 3051 opus
477 2974 535 3033 luit
548 2975 603 3034 vil
618 2975 690 3050 quid
701 2973 828 3034 armatis
843 2973 1034 3034 hominibus?
1049 2973 1121 3050 quid
1137 2972 1238 3033 coede?

169 3080 244 3156 quid
260 3080 427 3158 sanguinei
935 3085 938 3090 ’
1187 3081 1189 3086 ’

209 3189 258 3247 55.
282 3189 325 3247 At
347 3189 428 3248 enim
451 3195 660 3267 oppugnatum
679 3193 727 3248 m‘e
750 3189 882 3249 fortasse
905 3190 1075 3250 venissent.
1097 3191 1170 3250 Haec
1190 3177 1237 3249 est

168 3294 295 3354 illorum
318 3295 349 3354 in
374 3313 465 3356 causa
484 3297 605 3373 perdita
622 3303 759 3356 extrema
784 3317 843 3356 non
862 3298 960 3357 oratio
976 3314 1073 3372 neque
1088 3297 1234 3365 defensio,

170 3403 223 3462 sed
233 3403 539 3480 conjecturaetquusi
549 3403 709 3464 divinatio.
722 3405 772 3463 llli
782 3409 990 3482 oppugnatum
1000 3402 1124 3462 venturi
1132 3408 1234 3461 erant:

169 3509 279 3584 queml
294 3509 436 3570 Fabium.
454 3511 519 3581 Quo
535 3511 682 3570 consilio?
693 3517 727 3571 ut
739 3512 923 3571 occiderent.
937 3513 1034 3582 Quam
1046 3512 1083 3570 ob
1095 3511 1236 3570 oausam?

169 3615 249 3686 Quid
264 3622 297 3675 ut
312 3616 512 3693 proficerent?
528 3618 587 3688 Qui
601 3618 800 3695 comperisti?
823 3621 874 3694 Et,
899 3624 932 3677 ut
954 3635 1018 3676 rem
1042 3615 1257 3693 perspicuam¹

168 3743 258 3800 quam
273 3725 466 3801 paucissimis
484 3727 589 3786 verbis
608 3745 707 3804 agam,
725 3727 859 3786 dubitari
876 3727 931 3784 hoc
947 3731 1058 3802 potest,
1076 3723 1236 3802 reciperu-

167 3837 260 3900 tores,
287 3831 350 3890 utri
368 3850 561 3909 oppugnasse
584 3833 759 3909 videantur,
776 3833 828 3909 qui
854 3834 891 3892 ad
907 3832 1014 3892 villam
1033 3836 1182 3892 venerunt
1198 3849 1236 3890 au

168 3938 266 4014 quiin
283 3937 359 3998 villa
378 3941 576 3998 manserunt?

196 4212 203 4243 ¹
219 4208 297 4250 Julius
306 4207 454 4262 Rufinianus,
463 4211 489 4254 de
500 4211 551 4267 rig.
563 4215 632 4265 sent,
643 4226 663 4256 c.
679 4226 727 4256 unu.

195 4279 205 4314 ²
220 4279 333 4323 lluschkii
344 4280 530 4336 supplementum
542 4297 589 4328 non
600 4284 654 4328 mihi
666 4284 723 4328 satis
735 4285 851 4342 probabile
867 4286 966 4330 videtur.
