3024 4944
495 1060 847 1132 ‘ralomnurn
899 1015 902 1022 ’

181 1354 583 1474 ORATIONUM
631 1361 1164 1478 DllPllllDlTlRUM

459 1741 881 1756 mm

338 2157 412 2224 l.,·-
433 2159 589 2215 ORATIO
612 2161 693 2217 PRO
717 2163 756 2216 M.
777 2163 932 2222 TULLlO
958 2165 994 2222 ΙΙ.

468 2377 670 2410 ARGUMEN'I'UM
684 2377 861 2410 maronicum

168 2550 359 2624 Quanquam,
371 2555 497 2626 propter
507 2548 725 2608 obscuritatem
739 2553 829 2624 atque
839 2549 1054 2624 humilitatem,
1070 2552 1114 2611 M.
1124 2552 1199 2611 Tul-

126 2649 206 2713 lii'et
218 2655 255 2714 P.
272 2653 362 2713 Fabii
376 2654 498 2714 nomina
510 2653 542 2712 in
555 2653 749 2730 ignoratione
758 2656 912 2716 bominum
928 2665 1105 2728 versantur,
1118 2665 1197 2718 atta-

126 2779 195 2820 men
205 2760 353 2820 orationis
365 2779 420 2837 pro
432 2762 476 2822 M.
494 2760 598 2822 Tullio
612 2761 784 2838 fragmenta
802 2763 921 2822 sincero
936 2782 1040 2824 rerum
1052 2782 1195 2824 romana·

126 2885 196 2926 rum
205 2867 350 2944 scriptori
358 2868 489 2928 maxime
499 2874 637 2945 prosunt.
647 2868 1194 2950 Etenimiisexploratis,dijudicare

124 2973 198 3034 licet
213 2974 280 3049 quis
296 2980 377 3034 esset
392 2976 490 3036 Italiae
504 2981 615 3050 status,
632 2976 743 3052 quibus
758 2976 934 3036 domesticis
946 2975 1094 3053 perieulis
1109 2976 1192 3036 cives

19 3091 23 3100 “
124 3081 261 3156 quotidie
283 3083 594 3159 circumvenirentur,
616 3102 766 3160 quamque
786 3084 905 3144 incerta
924 3103 959 3145 ae
976 3085 1097 3144 lubrica
1111 3091 1193 3144 esset

123 3207 229 3248 eorum
242 3190 396 3267 possessio
407 3191 459 3266 qui
474 3192 552 3250 bona
566 3193 694 3268 paterna
708 3193 863 3268 tenebant,
879 3210 916 3252 ea
930 3197 1110 3270 tempestate
1119 3211 1190 3270 qua,

123 3297 212 3372 Sylla
226 3298 409 3358 dictaturam
423 3304 548 3375 gerente
568 3300 619 3358 vel
635 3299 808 3371 abdicante,
821 3300 886 3358 ibat
900 3301 996 3359 Roma
1012 3317 1149 3376 praeceps
1159 3298 1189 3358 in

122 3403 212 3463 unius
227 3405 471 3465 dominationem.
489 3405 527 3463 P.
543 3405 668 3472 Fabius,
686 3423 775 3479 quem
791 3405 962 3464 Asiaticum
973 3411 1090 3480 patrem
1101 3403 1191 3462 fami-

120 3514 178 3572 lias
202 3512 332 3570 ridicule
356 3512 463 3572 Cicero
485 3511 632 3587 appellat,
658 3511 736 3570 nihil
757 3511 840 3570 aliud
861 3517 907 3569 est
928 3511 988 3570 nisi
1003 3528 1082 3568 unus
1100 3509 1189 3568 exiis

121 3617 320 3678 mercenariis
334 3616 497 3690 militibus,
514 3609 624 3692 quibus
640 3617 760 3677 ltaliam
776 3616 956 3675 vastandam
968 3616 1189 3691 diripiendam-

120 3743 177 3798 que
197 3724 286 3798 Sylla
307 3723 501 3794 attribuerat,
526 3723 649 3799 quique,
675 3723 918 3800 proscriptorum
943 3722 1050 3798 spoliis
1075 3723 1185 3792 ornati,

120 3831 282 3906 praedando
298 3848 333 3889 ac
348 3829 410 3888 vim
430 3830 583 3888 afferendo
603 3848 658 3906 per
673 3829 784 3906 oppida
798 3829 913 3888 civium
928 3847 1123 3888 romanorum
1137 3830 1188 3888 in·
1236 3843 1240 3852 '

119 3938 265 3998 solentius
281 3953 348 3995 sese
358 3936 535 3995 efferebant.
553 3936 708 4005 Quomodo
722 3942 823 3994 autem
837 3935 986 3992 adversus
997 3933 1188 3992 vicinitatem

119 4063 183 4106 sese
197 4050 285 4122 gerat
304 4044 419 4103 Fabius
434 4044 593 4121 paululum
608 4044 810 4102 attendamus.
832 4044 867 4102 ln
892 4042 997 4100 eodem
1011 4059 1086 4118 agro
1103 4042 1188 4100 Thu-

61 4181 66 4194 ·
118 4152 185 4212 rino
200 4151 370 4212 centuriam
387 4151 429 4210 M.
454 4149 550 4209 Tullii
566 4149 662 4208 vieini
678 4149 909 4224 animadvertit,
927 4166 994 4224 quae
1008 4149 1045 4206 ad
1059 4147 1186 4207 fundum

117 4261 206 4336 paulo
227 4265 297 4319 ante
315 4263 449 4337 emptum
465 4257 540 4318 satis
555 4256 720 4318 convenire
735 4256 860 4315 videtur
877 4277 884 4317 a
899 4254 1068 4314 centuriam
1082 4249 1186 4314 statim
