3024 4944
321 332 366 384 {id
418 335 674 388 FRAGMENTA
694 335 1287 392 ORATIONUMDEPERDITARUM
1375 377 1378 384 .

357 458 386 516 ).
412 458 512 527 Quum
536 475 569 518 se
591 459 629 517 ad
651 459 769 534 plebem
790 461 922 520 transire
944 462 1027 521 velle
1047 461 1173 529 diceret,
1194 461 1246 519 sed
1276 461 1386 520 misere

296 543 302 554 ’
316 563 430 623 fretum
444 564 580 624 transire
595 572 731 643 cuperet,

356 671 387 731 3.
410 667 497 730 Hanc
510 671 669 747 loquacem
684 671 822 733 Siciliam
836 692 895 734 non
910 671 1060 752 despexit.
1100 697 1106 706 ·

358 783 386 838 i.
407 778 484 838 Jam
499 797 574 837 uero
584 778 762 854 sejudicio
777 788 845 838 tam
855 797 951 858 epens
967 783 1119 855 emissus,
1135 798 1236 858 quam
1250 777 1387 858 quidam

313 886 444 960 judices
459 893 537 944 ante
552 887 648 944 illum
661 885 835 960 Judicium
851 893 1006 962 fuerunt,
1029 888 1121 948 etad
1139 889 1277 964 aliquod
1298 907 1388 947 sece-

315 993 387 1050 rius
401 991 570 1066 judicium
594 1002 791 1069 reservatus,
810 1001 849 1052 ut
866 995 902 1052 in
926 996 1115 1054 concionem
1131 995 1177 1053 ad
1190 995 1388 1070 popularem

311 1097 528 1174 jactationem
540 1099 746 1175 escenderat,
761 1109 876 1176 aperte
887 1101 1021 1161 victrice
1033 1102 1183 1178 nequitia
1195 1120 1235 1161 ac
1251 1101 1387 1160 libidine

315 1206 486 1265 consultans
504 1223 545 1264 ac
567 1207 788 1283 triumphans,
809 1213 1004 1268 accesserunt
1021 1209 1065 1268 ita
1079 1207 1181 1286 pauci,
1193 1215 1228 1269 ut
1241 1227 1312 1270 eum
1327 1229 1384 1268 non

314 1313 352 1373 ad
367 1313 543 1373 concionem
558 1314 612 1372 sed
627 1332 770 1391 sponsum
785 1295 903 1374 diceres
917 1307 1094 1376 advocasse.

353 1419 383 1480 5.
410 1421 513 1488 Quasi
532 1439 608 1480 uero
626 1422 816 1498 periculum
838 1423 883 1482 sit
908 1423 945 1482 in
962 1424 1155 1499 spondendo
1167 1435 1224 1500 p'ro
1239 1441 1274 1482 eo
1296 1427 1383 1502 cujus

218 1601 220 1610 Ι
313 1528 528 1588 satisdationes
544 1545 665 1608 semper
679 1529 825 1590 dicuntur
838 1519 952 1590 induci.

352 1635 381 1694 6.
406 1637 506 1695 Nunc
518 1654 576 1713 epo
586 1617 770 1711 furialibus
782 1637 850 1696 illis
861 1637 994 1696 uocibus
1008 1636 1220 1713 respondebo,
1238 1655 1322 1714 quas
1333 1646 1381 1715 tu,

312 1745 496 1802 ocoenurn!
517 1762 537 1801 o
560 1744 668 1802 labes!
694 1761 711 1801 o
737 1745 841 1819 pestis
864 1744 1079 1820 importuna!
1106 1745 1142 1802 in
1171 1745 1382 1805 concionibus

311 1849 438 1908 misisti.
449 1849 534 1908 Nam
542 1848 668 1924 quand
677 1855 846 1924 fautorem
855 1849 907 1908 tui
915 1849 1051 1926 papirii,
1057 1849 1193 1925 patroni
1202 1849 1253 1907 tui
1259 1849 1380 1926 filium,

310 1958 494 2032 pertinent,
519 1957 667 2032 quamuis
694 1957 750 2014 ille
772 1971 951 2032 operarum
972 1975 1011 2016 ac
1032 1957 1222 2033 menalium
1249 1965 1380 2016 tuorum

310 2061 381 2120 dun
395 2063 431 2120 in
444 2061 655 2120 concionibus
670 2079 739 2120 meo
753 2063 885 2121 nomine
899 2063 945 2122 ad
960 2063 1123 2122 inuidiam
1136 2081 1216 2122 usus
1230 2061 1286 2139 sit,
1303 2082 1378 2122 con·

310 2147 540 2246 tumelioseque
567 2187 616 2228 me
640 2169 760 2244 luserit
765 2189 779 2242 ‚·
802 2178 912 2229 tamen
935 2171 1001 2229 boec
1023 2187 1122 2242 nime,
1144 2179 1309 2247 quantum
1329 2189 1379 2229 res

307 2278 473 2352 patiatur,
495 2278 654 2352 antiquae,
675 2293 747 2352 quoe
766 2277 848 2334 milti
865 2293 939 2334 cum
960 2284 1057 2351 patre
1080 2276 1154 2350 ejus
1173 2275 1284 2336 adbuc
1297 2278 1376 2352 snit,

308 2384 463 2442 amicitia
498 2391 529 2442 et
555 2383 796 2442 necessitudini
823 2381 1043 2443 condonanda
1062 2359 1184 2458 'potius
1211 2379 1378 2461 [intellego

308 2506 396 2564 quam
411 2490 421 2524 ¹
437 2489 469 2548 in
483 2491 640 2549 absentem
650 2509 718 2550 esse
732 2487 889 2570 dicenda]
1215 2470 1219 2474 ⁵

345 2597 402 2660 1v.
427 2598 454 2657 1.
479 2597 619 2658 Primum
641 2600 730 2659 homo
744 2600 840 2659 durus
860 2617 895 2658 ae
913 2599 1032 2676 priscus
1046 2598 1187 2658 invectus
1211 2605 1259 2658 est
1279 2598 1376 2658 ineos

306 2705 357 2780 qui
381 2722 485 2766 mense
507 2706 599 2783 aprili
624 2707 703 2784 apud
724 2707 816 2766 Baias
837 2709 952 2776 essent,
979 2703 1024 2784 [ei
1042 2703 1159 2781 aquis²
1183 2705 1293 2765 calidis
1308 2711 1376 2765 uie·

305 2809 441 2890 rentur]

233 2919 245 2932 “
343 2919 372 2978 2.
405 2917 499 2997 [Quid
514 2918 606 2978 cum8
621 2922 678 2980 hoc
692 2920 814 2980 homine
838 2919 925 2980 nobis
939 2925 1003 2979 tam
1017 2919 1099 2979 tristi
1115 2937 1150 2978 ac
1161 2921 1289 2979 several
1304 2921 1373 2980 Non

303 3032 431 3101 possunt
442 3027 474 3084 hi
484 3045 585 3086 mores
598 3028 679 3087 ferre
693 3029 774 3086 hune
787 3032 850 3086 tam
861 3033 1019 3086 austerum
1033 3031 1063 3084 ct
1077 3029 1140 3084 tam
1160 3025 1372 3084 vehementem

303 3129 513 3210 magistrum]
532 3151 587 3210 per
607 3152 696 3210 quem
718 3131 891 3213 hominibus
911 3109 1078 3210 majoribus
1099 3136 1171 3191 natu
1194 3149 1231 3189 ne
1254 3130 1286 3188 in
1309 3132 1372 3190 suis

228 3213 231 3220 ¹
301 3237 423 3313 quidem
446 3239 571 3317 praediis
599 3239 736 3319 [impune
751 3239 777 3320 ⁴]
802 3245 879 3315 tum,
903 3257 995 3314 quum
1018 3239 1123 3298 Romae
1148 3236 1226 3296 nihii
1254 3239 1370 3314 egitur,

299 3342 391 3403 liceat
405 3363 472 3405 esse
485 3347 714 3422 valetudinique
725 3347 855 3406 servire.
868 3343 1103 3425 [Verumtamen
1118 3342 1130 3377 ⁵
1144 3344 1258 3403 ceteris
1269 3344 1372 3419 possit

300 3449 474 3529 ignoscere;
491 3455 522 3511 ei
536 3469 610 3511 vero
625 3454 685 3530 qni
694 3454 809 3511 uillam
822 3453 941 3511 babent
953 3451 985 3510 in
1000 3452 1055 3510 illo
1070 3453 1148 3528 loeo,
1165 3451 1251 3509 nullo
1267 3451 1368 3510 modo.

200 3587 202 3590 ·
300 3556 380 3626 Quid
397 3557 524 3635 homini,
541 3559 650 3636 inquit,
674 3557 818 3636 Arpinati
832 3576 901 3618 eum
921 3537 1018 3636 Baiis,
1039 3556 1155 3634 agresti
1170 3574 1205 3615 ac
1219 3539 1368 3634 rusticol]

339 3663 370 3725 3.
393 3661 474 3744 [Qua
494 3663 506 3698 ⁶
526 3665 607 3742 loeo]
627 3665 671 3724 ita
694 3664 753 3724 init
772 3684 883 3742 caecus,
906 3671 940 3726 ut
957 3665 1049 3725 facile
1072 3669 1235 3741 appareret
1247 3663 1367 3723 vidisse

299 3787 368 3829 eum
384 3771 463 3846 quod
476 3769 523 3833 fas
538 3790 598 3831 non
613 3771 731 3832 fuisset.

325 3996 360 4032 ¹·³
374 3992 386 4052 [
397 3994 409 4054 J
424 3998 516 4042 Primus
525 3997 575 4041 haec
584 3996 715 4053 fragmenta
725 3996 791 4042 uncis
798 3995 910 4042 inclusas
920 3995 1059 4060 fl'aurinensi
1066 3995 1146 4039 codice
1158 3993 1230 4039 edidit
1242 3992 1364 4040 Amcdoens

296 4068 328 4110 Pe
345 4080 395 4113 ron.

322 4081 358 4174 ⁴5-ss
372 4140 427 4184 Haec
439 4138 569 4196 fragmenta
579 4142 647 4184 uncis
662 4139 752 4184 inclusa
769 4137 829 4200 []e
843 4141 981 4186 Taurinensi
996 4141 1075 4186 codice
1088 4139 1178 4196 primns
1199 4137 1270 4182 edidit
1290 4140 1361 4182 Ama

296 4210 360 4254 draus
370 4213 469 4268 Peyron.
