3024 4944
310 445 357 498 148
408 443 664 495 FRAGMENTA
686 439 929 493 ORATIONUM
950 443 1277 494 DEPERDITARUM
1366 513 1371 532 Ι

310 569 343 624 nt
355 564 473 640 opinor,
490 579 614 621 necesse
628 565 695 621 erat
704 579 791 622 reum
806 562 945 621 omnibus
960 561 1139 622 criminibus
1154 579 1223 622 esse
1238 581 1375 639 pressum

309 676 400 748 atque
418 669 575 730 hominum
598 669 738 748 opinione
757 672 822 747 jam
843 669 1030 745 damnatum,
1056 687 1149 746 quum
1164 689 1262 746 neque
1275 671 1376 729 tribu-

309 784 400 838 natus
428 777 574 837 memcria
598 794 694 852 neque
722 777 897 852 eloquentia
926 776 1084 836 Ciceronis
1113 794 1212 852 neque
1238 775 1373 854 Pompeii

298 886 410 966 ¹gratia
422 892 475 946 aut
489 883 624 964 potentia
639 901 708 942 eum
723 900 740 941 a
755 901 845 960 poena
856 881 1017 941 vindicare
1028 881 1174 959 potuerit.

347 994 459 1054 Habita
484 998 531 1052 est
560 991 659 1050 oratio
681 987 767 1050 Coss.
791 989 844 1048 Μ’.
872 989 1003 1049 AEmilic
1032 989 1156 1066 Lepido,
1174 990 1208 1048 L.
1233 990 1374 1050 Volcatio

309 1101 413 1175 Tullo,
424 1117 503 1159 anno
517 1098 558 1158 66
571 1102 641 1157 ante
655 1097 673 1158 J
678 1098 735 1158 .·C.
753 1129 792 1140 —
806 1097 893 1155 Anno
910 1095 1066 1155 Ciceronis
1081 1095 1132 1156 41.

348 1210 413 1269 Hoc
426 1225 483 1285 ego
494 1225 554 1266 nou
565 1206 664 1267 solum
678 1204 824 1265 confiteor
833 1220 942 1264 verum
957 1203 1049 1262 etiam
1058 1203 1214 1280 profiteor.
1227 1201 1272 1282 (N
1274 1203 1371 1263 onius.

309 1316 349 1376 V.
365 1313 515 1390 confiteri,
532 1331 559 1372 c.
576 1330 607 1388 v,
625 1310 691 1390 48.)

724 1561 765 1568 ..-
773 1563 786 1567 ..
793 1563 883 1568 —--.-
893 1563 1000 1570 -.--—--«

417 2055 418 2063 ἵ
493 1979 547 2032 Vl.
570 2011 605 2022 -·
624 1981 779 2037 ORATIO
803 1982 883 2038 PRO
907 1981 950 2036 M.
973 1982 1187 2038 FUNDANIO

343 2177 530 2252 Fragmenta
538 2177 685 2238 orationis
698 2195 753 2255 pro
768 2180 930 2240 Fundanio
948 2200 1017 2242 cum
1031 2182 1367 2252 Verrinis‘actionibus¹

303 2303 372 2344 cum
387 2286 575 2346 orationibus
590 2305 645 2364 pro
660 2287 771 2347 Flacco
782 2306 817 2347 ac
832 2307 887 2365 pro
901 2291 1041 2368 Fonteio,
1058 2309 1187 2368 cumque
1197 2293 1371 2352 Scaurianee

303 2392 450 2452 orationis
465 2393 645 2470 fragmentis
659 2395 835 2471 conspirant
849 2401 879 2454 et
894 2399 1099 2474 consentiunt,
1115 2405 1149 2457 ut
1164 2400 1253 2476 plane
1268 2404 1370 2458 notum

304 2500 467 2560 habeamus
494 2519 553 2577 qua
576 2502 707 2561 avaritia
732 2503 850 2562 romani
875 2505 1075 2580 magistratus
1095 2505 1272 2582 provincias
1298 2524 1372 2583 quo·

235 2607 245 2626 '
303 2607 405 2666 tannis
420 2607 587 2684 spoliarent
599 2627 633 2668 ac
644 2609 910 2685 depecularentur‚
923 2628 1041 2686 quaque
1052 2612 1237 2672 crudelitate
1252 2613 1370 2690 patroni

246 2715 248 2719 ’
302 2717 408 2776 Romae
435 2716 612 2793 peregrinos
637 2717 817 2790 irriderent,
845 2719 908 2794 qui,
938 2723 1039 2778 tantas
1071 2719 1259 2797 direptiones
1289 2739 1371 2798 segre

303 2823 397 2910 passi,
419 2823 451 2882 in
469 2823 619 2901 judicium
639 2829 803 2900 praetorem
825 2829 877 2883 aut
899 2826 1113 2900 proconsulem
1136 2826 1289 2886 adducere
1313 2845 1369 2886 non

302 2929 491 2999 dubitabant,
513 2930 599 3004 quasi
622 2929 701 3006 apud
724 2935 846 2989 exteras
869 2935 977 3007 gentes
998 2930 1137 2992 devictas
1157 2951 1216 2992 non
1231 2933 1370 2993 homines

302 3043 414 3110 essent,
431 3038 484 3096 sed
497 3038 594 3096 forma
608 3037 764 3096 bominum
780 3037 891 3113 induti,
911 3039 942 3097 in
958 3055 1033 3114 quos
1050 3039 1221 3099 omnimodo
1234 3039 1371 3100 animad-

303 3143 444 3204 vertendi
459 3143 606 3202 Romanis
621 3143 691 3202 data
705 3150 772 3203 crat
786 3149 933 3220 potestas

342 3249 454 3310 Habita
464 3249 616 3308 estoratio
628 3251 713 3310 Coss.
723 3250 776 3310 Μ’.
786 3250 928 3326 AEmilio,
936 3251 1095 3329 LepidoL.
1104 3252 1256 3330 Volcatio,
1269 3254 1366 3324 Tullo,

302 3375 380 3416 anuo
393 3356 433 3416 66
446 3361 516 3416 ante
531 3358 549 3417 J
553 3358 619 3417 .-C.
636 3391 674 3400 -
691 3359 777 3417 Anno
793 3357 950 3417 Ciceronis
964 3358 1014 3418 41.

341 3539 368 3599 1.
393 3539 461 3598 Non
484 3538 572 3599 modo
596 3538 652 3596 hoo
673 3555 691 3596 a
713 3538 809 3603 Villio
838 3538 969 3606 Annale,
994 3535 1047 3596 sed
1071 3536 1125 3596 vix
1151 3538 1327 3598 mehercule
1348 3556 1364 3596 a

301 3647 336 3716 Q.
355 3647 479 3705 Mutone
492 3645 607 3704 iactum
621 3644 744 3722 probari
759 3650 869 3721 potest.
885 3644 1090 3724 (Priscianus,
1107 3644 1163 3702 lib.
1182 3645 1252 3713 Vll,
1270 3662 1296 3703 c.
1317 3642 1366 3721 11.)

340 3755 370 3812 2.
395 3755 539 3812 Esset-ne
553 3752 584 3811 id
597 3752 676 3827 quod
688 3752 779 3810 Meno
794 3752 975 3811 nuntiasset.
993 3751 1101 3830 (Idem,
1119 3751 1173 3810 lib.
1192 3751 1249 3824 Vl,
1266 3769 1293 3812 o.
1309 3750 1366 3828 vi.)

340 3863 369 3920 3.
394 3859 530 3918 Arcades
542 3876 575 3917 se
585 3855 840 3934 proselenos'esse
855 3865 1008 3918 usserunt.
1026 3859 1183 3938 (Servius,
1198 3858 1237 3918 ad
1252 3861 1361 3934 Georg.

300 3965 354 4026 lib.
371 3965 411 4036 Il,
429 3982 459 4024 v.
477 3961 562 4034 342.)

340 4073 370 4132 4.
393 4069 608 4131 Commissura.
627 4067 735 4149 (Idem,
752 4071 791 4131 ad
804 4072 945 4142 AEneid.‚
962 4073 1015 4132 lib.
1033 4073 1091 4149 lx,
1105 4091 1136 4135 v.
1150 4072 1238 4151 675.)

339 4179 369 4240 5.
392 4179 521 4238 Puncta.
532 4177 641 4258 (Acro,
657 4180 688 4237 in
704 4181 813 4241 Horat.
831 4182 899 4241 Art.
917 4183 1019 4255 Poet,
1032 4199 1062 4240 v.
1080 4179 1166 4259 342.)

339 4286 369 4348 b.
393 4284 644 4363 Descripsisti-nc
655 4291 722 4364 ejus
737 4287 953 4357 necessarium,
966 4269 1105 4348 nostrum
1118 4287 1360 4367 competitorem?
