3070 4950
288 381 317 432 12
409 382 458 432 DE
478 382 689 433 CICERONIS
713 383 951 435 ORATIONUM
972 384 1237 436 FRAGMENTIS

287 502 542 595 integritatem
558 492 750 596 probando,
772 503 834 578 sed
860 503 1085 574 dilacerando
1108 505 1261 575 tunicam
1286 503 1296 544 ¹
1322 515 1357 576 et

286 615 465 688 cicatrices
488 616 654 689 adversas
670 619 763 689 senis
777 617 999 711 imperatoris
1014 619 1233 706 ostentando,
1247 620 1283 690 in
1289 619 1356 713 ju-

285 738 373 811 dicio
387 734 554 809 snbinde²
574 734 705 806 vulnus
716 734 857 827 juvenis
877 742 1024 806 testatus
1049 743 1153 806 estet
1176 735 1321 806 resolvit
1343 761 1350 804 :

284 864 319 927 at
329 878 450 927 earum
464 852 717 946 tragaediarum
729 859 873 922 eventus
884 849 1154 946 haudquaquam
1165 851 1256 922 idem
1270 876 1350 924 eva-

283 971 328 1042 sit
340 995 349 1059 ;
363 981 466 1064 atque
476 968 541 1039 iste
557 967 719 1050 Erucius
733 967 791 1061 qui
800 965 876 1058 jam
886 989 961 1036 rem
974 990 1086 1060 neque
1102 976 1222 1060 aperte
1238 990 1348 1062 neque

282 1087 438 1160 breviter
471 1094 692 1172 narraverat,
729 1081 987 1175 exspectatione
1018 1082 1175 1176 decepta,
1211 1108 1253 1155 ex
1289 1107 1351 1154 sua

281 1201 476 1276 imitatione
491 1201 540 1271 nil
556 1198 624 1270 nisi
643 1193 850 1292 quamdam³
869 1197 1020 1268 nominis
1035 1198 1301 1270 similitudinem
1318 1206 1351 1269 et

283 1317 514 1413 suspicionem
523 1315 662 1388 ridiculi
670 1314 910 1385 absconditam
920 1305 1087 1408 percepit.
1101 1314 1154 1384 Ea
1165 1322 1247 1386 sunt
1257 1339 1347 1409 quae,

281 1421 324 1506 ex
334 1433 469 1506 Vareni
479 1432 694 1506 defensionis
707 1429 931 1523 fragmentis,
945 1431 989 1501 de
998 1419 1351 1503 Eruciiaccusatione

280 1543 558 1638 divinarelicet,
586 1572 696 1637 nunc,
730 1571 836 1641 quum
867 1546 911 1615 de
937 1570 978 1618 ea
1007 1547 1091 1618 satis
1119 1547 1249 1618 dietum
1273 1570 1350 1618 esse

280 1665 454 1755 uideatur,
475 1667 518 1736 ad
538 1665 742 1736 Ciceronem
760 1672 994 1734 revertamur.

328 1779 383 1850 Ex
403 1779 537 1850 Vareni
551 1778 753 1852 defensione
768 1802 846 1874 quae
860 1779 976 1873 prima
990 1789 1179 1874 supersunt
1195 1804 1258 1852 nos
1273 1779 1347 1850 sola

280 1897 404 1969 docent
432 1899 562 1988 quanta
591 1895 814 1968 accuratione
839 1905 1035 1990 quantaque
1063 1896 1253 1968 calliditate
1273 1921 1347 1967 rem

279 2011 419 2084 Tullius
435 2011 608 2085 invenerit
622 2036 663 2085 ac
678 2012 923 2106 composuerit,
939 2013 987 2082 ita
1004 2020 1054 2098 ut,
1074 2011 1112 2081 in
1131 2011 1197 2082 hae
1211 2011 1347 2104 privata

278 2151 397 2216 eausa,
417 2155 493 2204 eam
513 2129 615 2202 eitius
631 2128 879 2200 veteratoriam
902 2151 1006 2223 quam
1027 2128 1216 2199 oratoriam
1236 2136 1347 2199 artem

278 2243 427 2317 diceres.
452 2244 606 2330 Etenim,
635 2243 800 2336 quoniam
820 2242 1023 2329 criminibus
1041 2245 1127 2316 adeo
1151 2243 1346 2316 manifestis

278 2370 467 2454 urgeretur
486 2362 650 2432 Varenus
673 2368 711 2430 ut
730 2359 869 2453 judices
899 2382 980 2432 eum
1004 2360 1189 2431 absolvere
1208 2382 1345 2456 nequa-

278 2497 381 2568 quam
394 2485 550 2572 possent,
572 2475 739 2547 orationis
760 2499 833 2546 suae
852 2475 1025 2570 principio
1044 2486 1186 2570 captare
1204 2476 1345 2548 miseri--

277 2592 431 2663 cordiam
454 2591 550 2664 omni
569 2615 632 2686 ope
656 2590 792 2662 Tullius
815 2591 1019 2679 conabatur,
1038 2591 1259 2663 solitudinem
1279 2593 1344 2679 rei,

221 2723 225 2729 ’
277 2709 562 2781 adversariorum
590 2717 706 2779 autem
739 2706 932 2778 calumnias
959 2714 993 2776 et
1019 2705 1187 2778 factiones
1211 2731 1372 2808 memo-¹

277 2826 400 2898 rande.
418 2825 458 2894 ln
477 2825 543 2896 hoc
570 2834 687 2895 autem
710 2821 999 2894 animadvertitur
1022 2823 1261 2894 delectationis
1279 2845 1344 2893 au-

276 2943 416 3036 cupium
445 2949 478 3012 et
504 2939 719 3035 quadrandae
757 2938 928 3009 orationis
962 2937 1121 3032 quaedam
1153 2937 1340 3008 industria.

275 3056 380 3144 Nam,
403 3055 483 3149 quia
504 3043 632 3127 suaves
661 3078 857 3149 gravesque
881 3055 1078 3144 sententiae,
1107 3055 1135 3124 si
1154 3054 1344 3126 inconditis

276 3170 394 3243 verbis
413 3170 619 3258 efferuntur,
639 3172 844 3266 plerumque
863 3171 1044 3242 offendunt
1060 3192 1177 3260 aures,
1204 3179 1238 3242 et
1259 3194 1342 3242 ver-

276 3285 400 3357 borum
423 3295 456 3358 et
470 3287 735 3359 sententiarum
757 3270 911 3382 pendere
938 3309 1038 3381 aeque
1061 3287 1181 3358 Cicero
1200 3287 1311 3358 utitur
1334 3311 1341 3356 :

276 3403 376 3474 modo
396 3402 490 3473 enim
509 3411 605 3474 curta
629 3406 782 3492 adamat,
805 3403 906 3475 modo
931 3401 1086 3497 perlecto
1106 3402 1345 3496 completoque

275 3518 463 3592 verborum
479 3518 611 3590 ambitu
626 3518 757 3611 gaudet
770 3543 779 3609 ;
798 3520 897 3590 modo
912 3517 1049 3590 incisim
1064 3525 1191 3589 tractat
1211 3518 1344 3589 oratio-

275 3658 368 3719 nem,
393 3634 483 3727 quod
502 3635 538 3704 in
562 3634 658 3705 veris
676 3635 791 3706 causis
814 3634 1006 3726 plurimum
1026 3633 1133 3724 valet,
1158 3643 1196 3704 ut
1219 3633 1344 3704 hocin

275 3750 421 3845 praemio
439 3749 607 3821 orationis
628 3774 702 3822 suae
721 3774 727 3818 :
749 3775 767 3819 u
789 3749 903 3820 Amici
924 3749 1103 3840 deficiunt,
1122 3749 1262 3842 cognati
1278 3750 1343 3819 de-

308 3997 316 4032 ¹
331 3995 426 4055 Livius,
440 3996 500 4062 epit.
516 4012 577 4047 axx.
596 4028 617 4032 --
634 3999 732 4059 Cicero,
751 3999 782 4047 de
798 4003 915 4060 Oratore,
929 4001 972 4051 lib.
993 4001 1026 4060 ll,
1042 4018 1064 4051 c.
1080 4018 1178 4055 xxvnr.
1199 4033 1223 4038 —
1247 4003 1343 4060 Cicero,

275 4077 379 4138 Verria,
391 4078 436 4132 lib.
454 4079 486 4135 V,
501 4096 523 4128 r.
540 4095 557 4128 1.
573 4109 600 4117 ω·
615 4080 794 4141 Quintilianus,
810 4081 853 4131 lib.
868 4085 899 4141 ll,
916 4101 937 4132 r.
954 4099 999 4134 xv.

306 4159 317 4192 ²
330 4159 507 4220 Quintilianus,
523 4161 568 4212 lib.
585 4161 630 4221 VI,
644 4179 666 4213 c.
680 4177 709 4212 rr.

306 4240 317 4276 ³
331 4257 344 4286 «
358 4241 465 4292 Erucius
479 4241 522 4291 hic
536 4246 622 4292 noster
637 4244 811 4294 Antomiustcr
829 4249 877 4295 est.
894 4264 906 4293 a
