3044 4938
308 343 341 393 lo
429 341 478 390 nn
499 338 714 392 mannonis
736 339 977 390 oanrrouuu
998 337 1260 387 nnnouenrrs
1285 310 1289 314 ’

308 457 471 532 structae1
487 459 739 548 collocationis,
757 459 800 530 ab
813 459 855 529 iis
874 458 1095 530 concionibus
1110 457 1259 528 libenter
1273 465 1379 550 atque

309 575 479 670 imprimis
499 581 673 645 mutuatus
692 582 757 644 est.
784 573 874 656 Quid
897 573 1003 666 igitur
1024 573 1166 665 mirum,
1190 573 1218 642 si
1236 572 1376 654 Quint-i-

308 685 436 777 lianus,
452 687 509 783 qui
521 687 612 759 hanc
623 686 777 758 Cornelii
794 684 1030 760 defensionem
1039 686 1177 780 legebat
1192 684 1378 758 edocebat-

307 826 394 899 quo,
434 813 467 875 et
502 827 627 874 sonum
660 826 701 874 ac
732 826 917 875 numerum
945 801 1086 873 auribus
1118 800 1379 896 superbioribus

305 941 412 1014 quam
438 942 501 990 nos
521 919 729 1006 aestimabat,
750 917 794 990 dc
813 941 854 988 ea
873 916 937 988 hoc
957 917 1139 1010 judicium,
1163 916 1254 1010 quod
1275 939 1377 986 nemo

306 1058 377 1108 non
399 1033 620 1131 approbavit,
645 1035 681 1104 in
702 1058 764 1106 sua
784 1029 1031 1105 Institutione²
1049 1032 1202 1102 oratoria
1221 1030 1343 1102 tulerit
1366 1055 1373 1099 :

306 1151 395 1222 ullu
411 1150 447 1221 in
463 1173 568 1252 causa
588 1149 738 1222 Cornelii
757 1158 962 1222 consecutus
980 1157 1084 1236 esset,
1108 1146 1262 1218 docendo
1276 1145 1376 1240 judi-

303 1291 378 1338 com
408 1274 544 1339 tantum
564 1275 598 1339 et
616 1268 750 1340 utiliter
768 1267 907 1339 demum
933 1290 980 1352 ac,
999 1266 1105 1336 latine
1123 1263 1375 1358 perspicueque

302 1379 462 1469 dicendo,
481 1389 518 1451 ut
532 1381 679 1476 populus
698 1366 878 1452 Romanus
892 1404 962 1452 non
977 1379 1225 1451 acclamatione
1240 1387 1373 1460 tantum

302 1495 363 1567 sod
390 1495 495 1568 etiam
516 1494 643 1590 plausu
665 1494 912 1566 confiteretur?
940 1494 1138 1566 Sublimitas
1160 1492 1316 1589 profecto
1340 1504 1375 1565 et

301 1609 558 1703 magnificentia
574 1620 608 1682 et
626 1611 717 1682 nitor
733 1621 767 1682 et
781 1610 970 1682 auctoritas
990 1610 1161 1703 expressit
1175 1609 1275 1680 illum
1293 1607 1372 1680 fra-

300 1749 437 1818 gorem.
454 1725 535 1796 Non
553 1733 625 1796 tam
639 1725 776 1796 insolita
791 1725 868 1798 laus
882 1719 974 1796 esset
987 1734 1171 1818 prosecuta
1184 1724 1370 1812 dicentem,

301 1839 330 1908 si
343 1839 470 1911 usitata
485 1847 518 1914 ct
536 1840 662 1910 ceteris
681 1840 805 1911 similis
816 1838 938 1912 fuisset
949 1840 1072 1911 oratio.
1087 1839 1198 1934 Atque
1214 1863 1279 1933 ego
1295 1839 1372 1910 illos

300 1955 418 2037 crede,
433 1954 490 2047 qui
503 1955 660 2042 aderant,
678 1977 742 2026 nec
756 1955 907 2026 sensisse
917 1954 998 2048 quid
1009 1952 1165 2026 facerent
1175 1979 1239 2026 nec
1249 1963 1373 2048 sponte

299 2069 499 2166 judicioque
527 2068 721 2164 plausisse,
750 2071 824 2160 sed,
848 2071 946 2142 velut
970 2082 1085 2142 mente
1109 2080 1227 2164 captos
1252 2080 1286 2142 et
1305 2094 1372 2165 quo

301 2194 417 2258 essent
432 2185 468 2256 in
479 2186 552 2257 loco
567 2186 725 2278 ignaros
739 2186 895 2280 erupisse
910 2186 947 2255 in
957 2185 1051 2257 hunc
1067 2187 1254 2282 voluptatis
1265 2185 1367 2257 affec·-

302 2311 385 2372 tum.
407 2325 424 2370 n
446 2300 500 2371 Ad
517 2300 581 2372 hoc
590 2301 714 2394 judicii
735 2301 970 2373 testimonium
988 2302 1088 2391 nihil,
1105 2312 1143 2374 ut
1157 2301 1293 2395 opinor,
1311 2311 1372 2373 aut

301 2414 406 2486 dobot
424 2424 485 2486 aut
503 2426 616 2509 potest
634 2416 738 2522 hodie
759 2417 874 2510 adjici.
894 2512 897 2519 ¹

335 2651 342 2689 ¹
361 2655 397 2704 De
412 2655 529 2715 Oratore,
545 2669 567 2704 c.
585 2668 649 2706 cxx.

334 2733 345 2769 ²
359 2733 541 2797 Quintilianus,
554 2734 598 2783 lib.
615 2733 684 2794 Vlll,
699 2749 721 2783 c.
736 2747 772 2782 ιιι,
