3044 4938
284 434 286 438 ’
322 431 325 436 ·
364 416 514 468 ORATIO
537 414 1029 470 Puou1.AEttlnroscauR0
1188 418 1232 466 103

166 535 369 621 Quintiliani
390 532 602 623 sententia¹‚
621 530 844 606 defensorem
860 533 990 605 Sardos
1013 542 1234 606 contemnere

168 654 309 748 ideoque
333 652 474 723 omnino
502 650 605 724 tidem
640 649 684 720 iis
716 649 809 721 veile
840 649 1039 722 detrahere.
1072 650 1235 722 Attamen

170 771 318 842 maxime
336 766 532 840 cavendum
551 775 605 838 est
624 789 669 838 ne
689 774 820 838 temere
838 765 874 836 id
892 764 1109 838 defensionis
1124 790 1237 861 genus
1321 829 1325 834 .

169 887 391 960 damnemus:
409 890 577 976 patronus
595 881 689 954 enim
700 903 742 952 ea
754 882 1238 980 argumenta,cujuscumque

173 1001 264 1074 modi
282 999 365 1089 sint,
383 997 521 1092 quaerit,
546 1021 625 1094 quae
643 998 746 1070 firma
770 1006 805 1068 et
819 996 976 1070 efficacia
995 997 1088 1093 apud
1102 998 1239 1092 judices

171 1125 334 1213 expertus
351 1123 417 1188 e'st.
434 1113 545 1207 Ergo,
559 1131 666 1208 quum
686 1114 724 1185 in
741 1112 920 1186 nobilibus
939 1113 1055 1186 causis
1077 1113 1237 1186 testimo-

172 1231 307 1302 niorum
331 1229 502 1300 dictorum
522 1228 713 1300 vanitatem
728 1225 877 1322 jnatione
892 1229 1032 1300 testium
1051 1237 1105 1300 ter
1120 1229 1240 1302 Cicero
1269 1275 1271 1280 -

173 1347 400 1435 confirmarit,
417 1342 607 1418 verisimile
629 1354 694 1430 est,
710 1352 748 1415 ut
762 1343 900 1439 opinor,
913 1346 1091 1419 Romanos
1106 1346 1242 1442 judices

175 1486 311 1557 semper
326 1485 402 1534 esse
412 1468 554 1554 paratos
566 1446 698 1532 exteris
711 1459 911 1534 nationibus
921 1463 1108 1535 ostendere
1120 1485 1158 1534 se
1173 1487 1191 1534 o
1205 1462 1242 1532 in

174 1579 355 1652 sententiis
367 1575 521 1648 ferendis
531 1575 600 1646 civi
613 1596 759 1668 parcere
770 1599 872 1671 quam
884 1577 1103 1672 olienipcnae
1117 1577 1243 1650 cedere

176 1688 382 1766 maluisse2.
407 1716 426 1764 u

225 1809 403 1895 Quomodo
419 1809 512 1880 hanc
530 1817 666 1900 partem
684 1810 890 1883 terminaret
913 1812 1245 1908 transcenderetque

177 1929 221 2001 ad
242 1926 383 1999 tertium
402 1933 506 2018 caput
529 1934 647 1997 orator
669 1933 801 2013 noster,
829 1928 910 2020 quia
931 1935 965 1998 et
989 1925 1189 2022 fragmenta
1211 1937 1246 2002 et

179 2043 358 2114 rhetorum
377 2040 508 2112 indicia
529 2038 628 2112 nobis
646 2041 753 2135 plane
767 2041 906 2130 desunt,
929 2043 1089 2116 divinare
1104 2042 1247 2117 difficile

179 2169 243 2231 est.
260 2159 318 2249 At,
336 2181 379 2230 ex
395 2157 439 2228 iis
453 2179 532 2251 quae
546 2165 735 2249 supersunt
749 2157 909 2230 scimusa
925 2158 1063 2231 Triario
1074 2159 1248 2232 Scaurum

180 2297 257 2348 esse
271 2275 508 2359 criminatum,
528 2271 632 2366 quod,
649 2272 852 2344 consulatus
868 2274 1006 2346 emendi
1020 2297 1139 2363 causa,
1158 2275 1249 2347 Sar-

181 2390 310 2472 diniam
340 2387 542 2482 spoliasset,
573 2387 733 2482 quodque
761 2398 833 2460 tam
860 2389 1083 2484 magnificam
1109 2391 1251 2463 domum

180 2507 341 2578 haberet.
360 2504 463 2576 Prius
486 2513 601 2576 autem
621 2498 754 2574 crimen
776 2529 889 2600 neque
911 2507 1119 2579 testimoniis
1138 2531 1251 2603 neque

182 2617 423 2713 chirographis
433 2618 633 2689 diluendum
648 2617 769 2690 Cicero
790 2620 949 2693 curabat.
965 2622 1252 2718 Quumenimju-

182 2737 277 2808 dices
290 2736 365 2828 jam
382 2733 516 2806 videret
535 2755 600 2804 sua
622 2745 745 2828 sponte
769 2758 835 2829 quo
856 2737 1252 2831 impellebat'iuclinan-

184 2847 236 2924 te's
254 2860 360 2945 atque
378 2848 647 2943 propendentes,
665 2872 686 2920 a
705 2873 857 2944 persona
873 2854 925 2924 rei
940 2854 1253 2948 anteactaquevita

151 3045 153 3052 ,
185 2993 294 3040 unum
308 2974 555 3060 argumentum
567 2964 729 3054 ducebat,
748 2964 1016 3064 affirmabatque
1035 2993 1129 3057 eum,
1152 2967 1254 3065 quem

184 3105 339 3182 purpura
359 3081 492 3175 regalis
506 3105 576 3152 non
597 3093 844 3172 commoverat,
867 3083 1060 3156 Sardorum
1079 3094 1255 3158 mastruca

186 3224 258 3273 uon
269 3199 395 3270 mutari
409 3198 576 3292 potuisse.
601 3199 687 3270 Inde
704 3223 839 3272 summa
859 3224 938 3273 cum
953 3200 1081 3274 fiducia
1096 3204 1133 3272 in
1150 3213 1255 3276 testes

186 3316 300 3388 denuo
318 3312 565 3404 invehebatur3
582 3315 709 3410 quippe
720 3317 778 3410 qui
786 3316 935 3388 istorum
942 3317 1076 3410 judicio
1085 3319 1257 3412 judicium

185 3431 304 3526 populi
323 3430 474 3502 Romani
488 3431 531 3504 de
550 3428 679 3504 familia
698 3433 806 3504 nobili
823 3434 1032 3527 gravissime
1050 3443 1254 3529 opponeret.

188 3545 270 3636 Hic,
296 3544 388 3641 quod
412 3547 554 3640 quidem
574 3572 654 3622 raro
673 3551 725 3638 fit,
756 3549 915 3644 quamvis
940 3551 977 3621 in
994 3549 1260 3644 probationibus

188 3658 346 3731 faciliore
364 3662 481 3732 animo
500 3661 633 3754 judicis
655 3673 825 3758 patronus
849 3665 946 3737 abuti
964 3666 1073 3759 possit
1092 3675 1260 3759 occupato

187 3772 248 3846 vel
261 3774 315 3845 ira
326 3774 384 3848 nel
398 3775 654 3866 miseratione³,
673 3786 793 3858 noster
805 3777 1014 3850 brevissime
1023 3779 1168 3851 affectus
1182 3805 1262 3852 mo·-

189 3887 295 3960 vebat
308 3911 378 3958 non
388 3886 506 3960 solum
521 3890 718 3963 conditione
729 3892 852 3965 Scauri
864 3893 926 3964 sed
936 3893 1159 3988 cogitationis
1170 3919 1261 3990 quo-

189 4026 257 4097 que
272 4005 584 4077 commendatione.
607 4001 680 4076 Sub
705 4009 824 4080 oculos
844 4009 939 4081 enim
961 4035 1061 4082 reum
1081 4011 1260 4084 sordidum

225 4225 233 4258 ¹
254 4222 310 4273 Lib.
323 4225 367 4284 IX,
381 4241 403 4275 c.
419 4242 436 4276 ι.

223 4302 234 4336 ²
249 4301 338 4353 Oratio
352 4320 399 4368 pro
414 4287 450 4355 M'.
469 4306 586 4367 Fonteio,
603 4321 627 4356 c.
644 4323 700 4359 xiv.

224 4382 236 4417 ³
250 4381 435 4445 Quintilianus,
449 4384 495 4438 lib.
514 4384 559 4448 IV,
575 4402 598 4436 c.
614 4402 642 4436 n.
733 4389 737 4400 ’
