3024 4944
284 367 329 417 180
351 381 354 386 ’
383 363 645 416 FRAGMENTA
666 364 909 416 ORATIONUM
930 367 1255 418 DEPERDITARUM

282 487 354 562 ejus
370 487 570 563 perveniret,
594 483 733 542 dedecus
752 485 912 544 arcessito
931 488 1063 546 ratione
1084 489 1199 546 mortis
1223 489 1352 562 effnpit.

287 593 421 669 Virpnnt
436 593 533 661 enim,
550 609 617 668 qno
631 590 677 649 od
698 591 881 667 rependum
894 609 1015 670 eqnnrn
1028 610 1108 652 nsns
1122 599 1252 669 fuerat,
1269 609 1354 652 nor-

281 707 379 760 rotnr
402 701 439 758 in
457 700 561 758 nnins
581 699 715 758 barbari
736 700 870 759 oculum
890 700 1061 775 diremisse,
1085 701 1151 776 qni,
1175 702 1209 758 oi
1229 700 1356 758 doloris

279 825 448 875 accensus,
467 807 556 864 lntns
568 804 680 864 Crassi
692 806 762 864 sico
776 806 935 882 confodit,
952 807 1096 882 dnmqne
1111 824 1147 864 se
1164 807 1351 879 niciscitnr,

278 914 464 972 Romanum
487 914 719 987 imperatorem
742 911 926 986 majestatis
951 912 1161 987 turpitudine
1185 913 1352 972 liberavit.

280 1021 426 1084 Ostendit
436 1024 595 1081 Fortnnoe
606 1021 745 1080 Crassus
756 1040 858 1097 qnam
871 1024 1049 1098 indipnnnc
1060 1026 1168 1082 oirnrn
1179 1026 1355 1101 totnprnvi

279 1131 478 1189 corstnmelio
495 1133 634 1204 afficere
648 1130 815 1204 uoluisset,
830 1132 988 1205 qnoniam
1006 1131 1139 1207 qnidens
1155 1132 1291 1205 injectos
1311 1132 1354 1189 ab

278 1255 317 1298 eo
339 1237 485 1296 libertati
512 1251 578 1294 snae
598 1235 799 1294 miserabiles
818 1237 951 1311 loqueos
967 1239 1151 1312 pmtdenter
1166 1239 1298 1312 pariter
1312 1253 1354 1294 oc

277 1347 414 1422 fortiter
423 1345 527 1420 rnpit,
540 1343 766 1419 donotnrnqne
780 1361 813 1402 se
821 1344 895 1418 jorn
910 1343 1097 1404 Aristonico
1112 1347 1273 1421 dipnitoti
1282 1363 1354 1403 snm

278 1448 440 1531 reddidit]
453 1450 469 1482 *
484 1449 499 1482 *
516 1451 582 1510 llio
601 1450 793 1526 audiuimus3
814 1451 871 1510 hoc
893 1469 967 1511 vero
988 1453 1182 1512 meminimus
1205 1471 1240 1514 ac
1264 1471 1352 1530 poene

277 1559 412 1619 vidimus
426 1560 562 1639 ejusdem
583 1559 690 1635 stirpis
710 1565 741 1618 et
764 1559 896 1620 nominis
911 1561 950 1620 P.
968 1563 1125 1638 Crassum,
1142 1581 1180 1622 ne
1194 1563 1227 1622 in
1240 1581 1351 1624 manus

277 1671 428 1732 incideret
441 1670 646 1743 inimicorum,
664 1669 809 1746 seipsum
824 1669 1029 1732 interemisse.
1045 1669 1241 1750 (Asconius.)

314 1779 345 1838 2.
369 1779 415 1837 Ac
430 1793 528 1852 neque
551 1775 638 1834 illius
659 1773 764 1834 Crassi
787 1773 901 1833 factum
926 1775 1107 1850 superioris,
1123 1775 1234 1834 iisdem
1252 1777 1352 1835 hono-

275 1881 363 1944 ribus
377 1898 463 1956 usus,
479 1881 531 1956 qui
545 1881 733 1942 fortissimus
747 1880 779 1938 in
794 1880 876 1940 bello
891 1880 1012 1958 fuisset,
1024 1881 1076 1940 Μ’.
1089 1882 1234 1959 Aquilius
1249 1884 1350 1960 potuit

272 1993 398 2052 imitari.
421 1986 611 2069 (Asconius),
638 1985 710 2068 [sed
731 1989 921 2047 rnernoriom
933 1985 1096 2069 p'noentn]
1121 1989 1163 2049 tis
1183 1989 1192 2024 ²
1217 2007 1281 2048 suae
1296 2008 1349 2048 re-

273 2117 402 2176 rumque
420 2103 578 2174 gestarum
603 2081 769 2154 senectutis
789 2095 936 2154 dedecore
964 2096 1103 2154 ioelavit.
1127 2095 1205 2166 Quid
1222 2095 1233 2130 2
1253 2099 1348 2157 vorot

273 2209 404 2268 alterum
425 2209 567 2268 Crassum
590 2203 779 2281 temporibus
799 2203 914 2262 eisdem
937 2222 1007 2262 nunt
1028 2209 1081 2262 aut
1102 2203 1271 2264 clarissimi
1284 2205 1348 2263 viri

270 2319 289 2378 J
292 2317 347 2376 ulii
361 2321 414 2375 aut
427 2332 545 2374 summo
566 2311 689 2389 ingenio
702 2312 850 2389 praeditus
864 2313 908 2373 M.
926 2311 1078 2372 Antonius
1090 2312 1189 2388 potuit
1201 2312 1319 2371 imitari
1333 2315 1345 2372 l

311 2423 341 2480 3.
367 2421 465 2492 Quidl
479 2420 511 2478 in
526 2420 666 2479 omnibus
682 2419 887 2478 monumentis
904 2419 1043 2487 Graeciae,
1069 2437 1136 2494 quse
1151 2423 1224 2478 sunt
1238 2420 1346 2489 verbis

270 2529 426 2590 ornatiora
439 2545 528 2603 quam
544 2529 648 2601 rebus,
663 2526 730 2602 quis
746 2527 916 2596 invenitur,
933 2544 1026 2602 quum
1042 2529 1079 2585 ab
1098 2526 1194 2602 Ajace
1214 2526 1347 2587 fabulis-

272 2653 330 2713 que
342 2631 534 2707 discesseris,
545 2631 602 2707 qui
617 2637 715 2690 tamen
732 2632 804 2708 ipsc

425 2827 603 2903 Ipnontnioe
620 2843 721 2898 dolore,
738 2845 766 2892 ut
777 2840 814 2890 ait
827 2847 913 2905 poeta,
928 2843 1020 2894 victor
1031 2843 1157 2896 insolens

426 2924 460 2972 Se
473 2921 582 2971 uictum
595 2935 656 2971 non
668 2923 765 2986 potnit
776 2923 852 2986 poti,

268 3142 381 3212 praeter
406 3134 624 3196 Atheniensem
651 3137 901 3212 Themistoclem,
926 3139 977 3214 qui
1001 3138 1117 3216 seipse
1141 3145 1240 3200 morte
1259 3140 1341 3199 mul-

269 3246 367 3304 tavitl

271 3391 274 3398 ι
308 3359 335 3412 l.
361 3355 403 3413 At
433 3354 568 3414 Graeculi
597 3355 719 3431 quidem
746 3355 843 3414 multa
870 3355 1002 3432 fingunt,
1034 3356 1113 3432 apud
1143 3374 1218 3432 quos
1247 3357 1340 3418 etiam

268 3462 497 3521 Cleombrotum
526 3463 757 3522 Ambraciotam
782 3462 886 3522 ierunt
915 3481 947 3522 se
975 3475 1018 3522 'ex
1042 3464 1104 3522 alto
1128 3464 1341 3540 praecipitasse

267 3584 365 3644 muro,
387 3587 447 3627 non
469 3587 527 3645 quo
557 3570 733 3639 acerbitatis
759 3570 928 3646 accepisset
948 3570 1074 3646 aliquid,
1102 3572 1166 3640 sed,
1194 3577 1228 3630 ut
1250 3571 1341 3630 video

267 3675 415 3752 scriptum
429 3676 507 3752 apud
524 3680 660 3750 Graecos,
678 3695 770 3752 quum
790 3677 900 3736 summi
916 3677 1091 3754 philosophi
1106 3678 1250 3737 Platonis
1266 3696 1342 3754 gra-

265 3781 348 3841 viter
364 3788 393 3843 et
408 3789 515 3842 ornate
531 3785 681 3861 scriptum
702 3785 816 3844 librum
840 3787 877 3844 de
900 3791 998 3846 morte
1013 3785 1153 3861 legisset,
1174 3785 1292 3862 inquo,
1309 3791 1342 3845 ut
1380 3813 1384 3822 ·

265 3892 384 3968 opinor,
408 3894 551 3952 Socrates
573 3893 627 3954 illo
651 3893 717 3970 ipso
742 3894 803 3966 die,
830 3912 887 3970 quo
909 3898 975 3952 crat
991 3893 1018 3951 ei
1042 3892 1249 3970 moriundum,
1271 3912 1340 3970 per-

291 4115 301 4150 1
317 4115 373 4158 lloec
388 4119 454 4156 sunt:
471 4117 501 4157 tis
516 4127 565 4158 succ
581 4139 591 4148 -
606 4138 619 4148 -
633 4118 707 4160 etiarn
722 4118 829 4169 facilins.
845 4123 881 4168 §7
895 4131 907 4159 e
920 4117 1060 4162 Taurincnsi
1070 4117 1158 4172 codice,
1172 4129 1242 4174 quem
1252 4116 1339 4176 primus

264 4187 335 4231 edidit
345 4188 468 4230 Amedaeus
480 4189 582 4244 Peyron.

290 4260 301 4295 2
315 4259 391 4304 Habet
400 4260 449 4304 haec
459 4260 588 4306 Asconius:
602 4259 666 4308 Quid
675 4283 687 4292 -
702 4281 713 4294 -
725 4271 781 4302 roro
789 4261 872 4313 potuit
882 4261 1000 4304 innitorit
