3024 4944
232 401 483 470 rancunnin
504 417 746 470 oafnrrosun
768 415 1090 486 nnrnnnrrnnuu
1149 419 1194 472 ut

127 539 343 618 proconsulem
367 555 455 598 suum
478 536 660 598 recusabat?
686 538 730 596 De
753 537 810 596 hoc
833 535 985 596 disserere
1012 555 1071 596 non
1096 537 1194 600 solnm

126 664 386 724 supervacaneum
400 646 452 706 sed
471 645 622 705 insulsum
635 650 728 716 esset,
741 649 775 702 ut
791 643 909 722 opinor.
927 645 970 703 At
991 645 1193 706 exorationis

125 771 181 831 pro
206 753 302 830 Oppio
324 751 518 814 enarratione
541 769 634 811 unum
667 750 823 812 affirmare
851 750 938 811 nobis
962 751 1046 822 licet,
1076 751 1194 813 scilicet

126 866 284 920 senatores
306 861 484 937 equitesque
505 839 647 919 romanos
671 843 769 934 neque
797 875 905 918 severe
928 876 1024 933 neque
1047 858 1193 934 religiose

120 966 289 1044 judicasse,
306 967 358 1028 sed
370 968 548 1045 plerumque
563 971 615 1026 aut
630 967 738 1044 gratiae
759 971 812 1026 aut
824 966 888 1026 suls
904 965 1069 1025 commodis
1092 965 1194 1027 inser-

124 1072 231 1132 viisse.
251 1074 358 1133 Cicero
370 1074 494 1133 enimin
507 1075 644 1134 oratione
660 1092 715 1133 sua
726 1073 846 1151 J'udices
861 1073 980 1148 equites
995 1074 1190 1143 hortabatur,

124 1198 184 1238 non
197 1187 231 1240 ut
245 1198 367 1240 causam
387 1181 458 1240 fidei
477 1186 568 1256 atque
586 1181 774 1258 integritatis
798 1179 999 1258 susciperent,
1024 1181 1077 1240 sed
1100 1185 1133 1239 ut
1154 1182 1192 1240 ab

123 1287 177 1346 illo
196 1288 323 1347 actionis
343 1305 455 1364 genere
474 1293 646 1363 equestrem
667 1287 805 1346 ordinem
828 1293 989 1346 servarent
1005 1288 1189 1362 incolumen,

121 1411 156 1452 ca
171 1393 344 1470 praesertim
355 1398 546 1472 tempestate,
560 1414 618 1471 qua
633 1397 667 1454 L.
685 1395 829 1454 Aurelius
845 1397 934 1454 Cotta
949 1394 1067 1470 equites
1086 1413 1191 1454 roma-

122 1518 178 1559 nos
193 1501 231 1559 ad
246 1519 296 1562 res
306 1500 488 1578 judicandas
509 1503 621 1562 iterum
642 1502 821 1578 quaerendos
843 1519 911 1560 esse
926 1506 993 1559 erat
1007 1503 1188 1563 arbitratus.

164 1607 276 1666 Habita
290 1614 337 1668 est
351 1609 448 1668 oratio
464 1612 548 1671 Coss.
565 1611 601 1680 Q.
618 1609 794 1677 Hortensio,
812 1610 847 1679 Q.
862 1608 958 1669 (iecil.
974 1609 1099 1668 Metello
1113 1611 1191 1671 Gre-

122 1713 195 1789 tico,
214 1731 291 1772 anno
306 1713 346 1773 69
360 1720 429 1773 ante
444 1715 461 1774 J
466 1718 525 1778 .-C.
544 1749 579 1757 -
596 1717 685 1775 Anno
700 1714 857 1774 Ciceronis
869 1714 919 1774 38.

163 1884 190 1944 1.
218 1886 329 1946 Utrum
344 1905 436 1964 quum
460 1887 578 1950 Cottam
594 1889 773 1967 appetisset,
793 1907 831 1949 an
852 1907 945 1965 quum
964 1890 1031 1967 ipse
1044 1910 1112 1952 sese
1135 1911 1185 1952 co-

120 1997 249 2051 naretur
266 1994 414 2064 occidere,
436 1996 531 2055 telum
555 1996 584 2054 ei
602 2013 619 2054 e
637 1997 778 2055 manibus
801 2001 940 2073 ereptum
963 1999 1032 2058 esti
1050 1999 1191 2078 (Quinti-

119 2096 235 2174 lianus,
253 2100 306 2158 lib.
326 2101 365 2174 V,
381 2120 407 2161 c.
424 2101 474 2180 x.)

161 2205 190 2262 2.
217 2206 298 2275 Quos
310 2197 438 2268 educere
451 2210 566 2269 invitos
579 2210 609 2268 in
620 2211 809 2286 provinciam
819 2229 878 2270 non
891 2215 1001 2290 potuit,
1013 2233 1064 2275 eos
1075 2215 1188 2275 invitos

118 2315 254 2374 retinere
269 2317 319 2391 qui
333 2316 451 2393 potuitt
463 2317 572 2395 (Idem,
588 2316 729 2396 ibidem.)

158 2422 189 2481 3.
213 2425 253 2480 At
268 2423 347 2482 enim
362 2422 532 2482 verisimile
546 2431 661 2483 nonest
675 2430 794 2485 tantum
809 2428 909 2487 scelus
925 2429 968 2489 M.
987 2430 1106 2488 Cottam
1122 2447 1188 2488 esse

118 2535 332 2588 commentum.
353 2530 452 2599 Quid?
474 2529 530 2588 boc
551 2531 722 2591 verisimile
742 2539 787 2592 est
806 2539 924 2594 tantum
941 2536 1040 2594 scelus
1057 2535 1187 2612 Oppium

116 2651 185 2693 esse
200 2641 353 2697 conatum.
369 2637 478 2716 (Idem,
493 2637 547 2697 lib.
565 2637 604 2714 V,
620 2657 645 2697 c.
666 2639 748 2716 uin.)

159 2741 188 2801 4.
214 2743 406 2818 Questusque
420 2761 538 2801 mecum
554 2748 611 2803 est.
627 2743 825 2824 (Arusianus,
843 2765 872 2824 p.
889 2747 958 2806 257.
976 2747 1083 2826 Lind.)

158 2849 189 2907 5.
213 2850 334 2908 Etenim
348 2850 477 2908 multum
492 2853 633 2926 possead
649 2852 779 2911 salutem
794 2853 922 2912 alterius
937 2853 1044 2913 honori
1060 2855 1184 2933 multis3

117 2973 225 3032 parum
239 2953 374 3032 potuisse
389 2957 426 3014 ad
441 2956 569 3018 exitium
591 2960 704 3035 probro
720 2960 833 3018 nemini
848 2977 980 3036 unquam
999 2960 1068 3021 suit.
1093 2960 1186 3041 (Am-

5 3115 6 3156 ,
116 3063 236 3121 mianns
251 3062 462 3139 Marcellinus,
477 3065 531 3125 lib.
547 3068 652 3142 XXX,
670 3084 695 3127 c.
715 3067 799 3146 vni.)

157 3167 187 3226 6.
212 3168 237 3225 0
252 3185 385 3227 amorem
399 3169 553 3245 mirum,0
569 3173 811 3231 benevolentiam
825 3173 1030 3250 singularem!
1047 3175 1185 3253 (Quinti-

5 3269 6 3284 ’
117 3275 228 3348 liunus,
245 3273 298 3333 lib.
317 3276 373 3350 lX,
390 3295 415 3335 c.
435 3276 486 3354 11.)

333 3883 365 3936 V.
391 3913 420 3922 -
441 3885 599 3941 ORATIO
623 3887 703 3940 PRO
728 3887 760 3942 C.
785 3886 960 3940 MANILIO

452 4049 650 4082 ARGUMENTUM
666 4051 844 4082 lllsnoutcutt

155 4169 309 4228 Orationis
332 4187 386 4245 pro
408 4172 441 4230 [l.
463 4171 589 4230 Manilio
611 4191 702 4232 unum
722 4172 801 4248 qnod
822 4174 962 4247 superest
975 4169 1181 4246 fragmentum

121 4277 156 4336 ad
170 4295 220 4338 res
230 4293 372 4339 romanas
381 4277 578 4358 explicandas
589 4279 707 4344 nullum
718 4278 809 4344 babet
819 4281 1012 4344 momentum.
1026 4277 1180 4354 Ceterum,
