<?xml version="1.0" encoding="UTF-8"?>
<!DOCTYPE html PUBLIC "-//W3C//DTD XHTML 1.0 Transitional//EN"
    "http://www.w3.org/TR/xhtml1/DTD/xhtml1-transitional.dtd">
<html xmlns="http://www.w3.org/1999/xhtml" xml:lang="en" lang="en">
 <head>
  <title>
</title>
<meta http-equiv="Content-Type" content="text/html;charset=utf-8" />
  <meta name='ocr-system' content='tesseract 3.04.00' />
  <meta name='ocr-capabilities' content='ocr_page ocr_carea ocr_par ocr_line ocrx_word'/>
</head>
<body>
  <div class='ocr_page' id='page_1' title='image "./demarcitulliici00beligoog_0118.png"; bbox 0 0 3044 4938; ppageno 0'>
   <div class='ocr_carea' id='block_1_1' title="bbox 475 323 1256 376">
    <p class='ocr_par' dir='ltr' id='par_1_1' title="bbox 475 323 1256 376">
     <span class='ocr_line' id='line_1_1' title="bbox 475 323 1256 376; baseline 0.004 -5"><span class='ocrx_word' id='word_1_1' title='bbox 475 323 626 372; x_wconf 77' lang='lat' dir='ltr'>onnulo</span> <span class='ocrx_word' id='word_1_2' title='bbox 645 323 722 374; x_wconf 87' lang='lat' dir='ltr'>PRO</span> <span class='ocrx_word' id='word_1_3' title='bbox 745 324 777 373; x_wconf 89' lang='lat' dir='ltr'>P.</span> <span class='ocrx_word' id='word_1_4' title='bbox 802 323 972 373; x_wconf 76' lang='lat' dir='ltr'>VATINIO</span> <span class='ocrx_word' id='word_1_5' title='bbox 1225 323 1256 376; x_wconf 79' lang='lat' dir='ltr'>ut</span> 
     </span>
    </p>
   </div>
   <div class='ocr_carea' id='block_1_2' title="bbox 156 412 1331 3646">
    <p class='ocr_par' dir='ltr' id='par_1_2' title="bbox 156 412 1331 3646">
     <span class='ocr_line' id='line_1_2' title="bbox 237 412 1261 530; baseline 0.003 -16"><span class='ocrx_word' id='word_1_6' title='bbox 237 441 415 526; x_wconf 84' lang='lat' dir='ltr'>Quomodo</span> <span class='ocrx_word' id='word_1_7' title='bbox 428 412 538 513; x_wconf 47' lang='lat' dir='ltr'>&#39;Calvi</span> <span class='ocrx_word' id='word_1_8' title='bbox 560 443 726 530; x_wconf 88' lang='lat' dir='ltr'>orationi,</span> <span class='ocrx_word' id='word_1_9' title='bbox 752 466 823 514; x_wconf 88' lang='lat' dir='ltr'>non</span> <span class='ocrx_word' id='word_1_10' title='bbox 847 442 961 515; x_wconf 87' lang='lat' dir='ltr'>solum</span> <span class='ocrx_word' id='word_1_11' title='bbox 981 444 1098 516; x_wconf 87' lang='lat' dir='ltr'>verbis</span> <span class='ocrx_word' id='word_1_12' title='bbox 1120 447 1261 517; x_wconf 74' lang='lat' dir='ltr'>ornata</span> 
     </span>
     <span class='ocr_line' id='line_1_3' title="bbox 187 557 1254 650; baseline -0.002 -21"><span class='ocrx_word' id='word_1_13' title='bbox 187 567 222 630; x_wconf 89' lang='lat' dir='ltr'>et</span> <span class='ocrx_word' id='word_1_14' title='bbox 252 558 433 630; x_wconf 83' lang='lat' dir='ltr'>sententiis</span> <span class='ocrx_word' id='word_1_15' title='bbox 458 559 520 630; x_wconf 87' lang='lat' dir='ltr'>sed</span> <span class='ocrx_word' id='word_1_16' title='bbox 544 559 649 630; x_wconf 86' lang='lat' dir='ltr'>etiam</span> <span class='ocrx_word' id='word_1_17' title='bbox 673 558 817 630; x_wconf 89' lang='lat' dir='ltr'>auribus</span> <span class='ocrx_word' id='word_1_18' title='bbox 842 557 1023 650; x_wconf 84' lang='lat' dir='ltr'>judicnm¹</span> <span class='ocrx_word' id='word_1_19' title='bbox 1057 582 1254 632; x_wconf 86' lang='lat' dir='ltr'>accommo-</span> 
     </span>
     <span class='ocr_line' id='line_1_4' title="bbox 187 673 1255 768; baseline -0.001 -23"><span class='ocrx_word' id='word_1_20' title='bbox 187 675 297 763; x_wconf 83' lang='lat' dir='ltr'>datae,</span> <span class='ocrx_word' id='word_1_21' title='bbox 322 675 465 768; x_wconf 90' lang='lat' dir='ltr'>inqua,</span> <span class='ocrx_word' id='word_1_22' title='bbox 488 673 533 744; x_wconf 88' lang='lat' dir='ltr'>ad</span> <span class='ocrx_word' id='word_1_23' title='bbox 556 674 750 768; x_wconf 82' lang='lat' dir='ltr'>exemplum</span> <span class='ocrx_word' id='word_1_24' title='bbox 769 674 1012 748; x_wconf 80' lang='lat' dir='ltr'>Demosthenis</span> <span class='ocrx_word' id='word_1_25' title='bbox 1036 673 1123 746; x_wconf 90' lang='lat' dir='ltr'>nihil</span> <span class='ocrx_word' id='word_1_26' title='bbox 1142 674 1255 768; x_wconf 53' lang='lat' dir='ltr'>placiss</span> 
     </span>
     <span class='ocr_line' id='line_1_5' title="bbox 186 788 1257 888; baseline -0.006 -26"><span class='ocrx_word' id='word_1_27' title='bbox 186 788 303 881; x_wconf 76' lang='lat' dir='ltr'>dum2,</span> <span class='ocrx_word' id='word_1_28' title='bbox 322 791 409 862; x_wconf 85' lang='lat' dir='ltr'>nihil</span> <span class='ocrx_word' id='word_1_29' title='bbox 425 792 509 862; x_wconf 58' lang='lat' dir='ltr'>lene*</span> <span class='ocrx_word' id='word_1_30' title='bbox 521 801 608 880; x_wconf 90' lang='lat' dir='ltr'>erat,</span> <span class='ocrx_word' id='word_1_31' title='bbox 623 791 743 866; x_wconf 88' lang='lat' dir='ltr'>Cicero</span> <span class='ocrx_word' id='word_1_32' title='bbox 757 793 991 888; x_wconf 90' lang='lat' dir='ltr'>responderit,</span> <span class='ocrx_word' id='word_1_33' title='bbox 1008 816 1050 864; x_wconf 83' lang='lat' dir='ltr'>ex</span> <span class='ocrx_word' id='word_1_34' title='bbox 1066 815 1137 864; x_wconf 91' lang='lat' dir='ltr'>uno</span> <span class='ocrx_word' id='word_1_35' title='bbox 1152 789 1257 885; x_wconf 52' lang='lat' dir='ltr'>frag„¹</span> 
     </span>
     <span class='ocr_line' id='line_1_6' title="bbox 156 900 1318 1002; baseline -0.003 -23"><span class='ocrx_word' id='word_1_36' title='bbox 156 900 160 906; x_wconf 70' lang='grc'>’</span> <span class='ocrx_word' id='word_1_37' title='bbox 187 915 318 996; x_wconf 86' lang='lat' dir='ltr'>mento,</span> <span class='ocrx_word' id='word_1_38' title='bbox 337 907 427 1002; x_wconf 92' lang='lat' dir='ltr'>quod</span> <span class='ocrx_word' id='word_1_39' title='bbox 439 907 513 1001; x_wconf 88' lang='lat' dir='ltr'>ipse</span> <span class='ocrx_word' id='word_1_40' title='bbox 528 905 720 998; x_wconf 67' lang='lat' dir='ltr'>servavit3,</span> <span class='ocrx_word' id='word_1_41' title='bbox 735 917 959 1002; x_wconf 82' lang='lat' dir='ltr'>nequaquam</span> <span class='ocrx_word' id='word_1_42' title='bbox 973 907 1053 978; x_wconf 89' lang='lat' dir='ltr'>licet</span> <span class='ocrx_word' id='word_1_43' title='bbox 1068 907 1252 1002; x_wconf 88' lang='lat' dir='ltr'>suspicari.</span> <span class='ocrx_word' id='word_1_44' title='bbox 1315 947 1318 958; x_wconf 55' lang='grc' dir='ltr'><em>ι</em></span> 
     </span>
     <span class='ocr_line' id='line_1_7' title="bbox 187 1005 1319 1118; baseline 0.003 -25"><span class='ocrx_word' id='word_1_45' title='bbox 187 1023 280 1094; x_wconf 93' lang='lat' dir='ltr'>Illud</span> <span class='ocrx_word' id='word_1_46' title='bbox 298 1033 415 1095; x_wconf 88' lang='lat' dir='ltr'>tamen</span> <span class='ocrx_word' id='word_1_47' title='bbox 429 1005 610 1094; x_wconf 81' lang='lat' dir='ltr'>affirmare</span> <span class='ocrx_word' id='word_1_48' title='bbox 629 1023 815 1116; x_wconf 72' lang='lat' dir='ltr'>possimne,</span> <span class='ocrx_word' id='word_1_49' title='bbox 832 1035 884 1093; x_wconf 78' lang='lat' dir='ltr'>ex‘</span> <span class='ocrx_word' id='word_1_50' title='bbox 903 1022 969 1094; x_wconf 90' lang='lat' dir='ltr'>hoc</span> <span class='ocrx_word' id='word_1_51' title='bbox 987 1023 1063 1094; x_wconf 89' lang='lat' dir='ltr'>loco</span> <span class='ocrx_word' id='word_1_52' title='bbox 1078 1011 1138 1118; x_wconf 90' lang='lat' dir='ltr'>qui</span> <span class='ocrx_word' id='word_1_53' title='bbox 1152 1023 1255 1096; x_wconf 89' lang='lat' dir='ltr'>nobis</span> <span class='ocrx_word' id='word_1_54' title='bbox 1317 1009 1319 1014; x_wconf 47' lang='grc'>’</span> 
     </span>
     <span class='ocr_line' id='line_1_8' title="bbox 186 1137 1254 1232; baseline 0.005 -23"><span class='ocrx_word' id='word_1_55' title='bbox 186 1137 400 1211; x_wconf 86' lang='lat' dir='ltr'>defensionis</span> <span class='ocrx_word' id='word_1_56' title='bbox 427 1142 631 1232; x_wconf 86' lang='lat' dir='ltr'>proaemium</span> <span class='ocrx_word' id='word_1_57' title='bbox 655 1163 733 1212; x_wconf 91' lang='lat' dir='ltr'>esse</span> <span class='ocrx_word' id='word_1_58' title='bbox 759 1139 922 1225; x_wconf 87' lang='lat' dir='ltr'>videtur,</span> <span class='ocrx_word' id='word_1_59' title='bbox 949 1140 1152 1218; x_wconf 79' lang='lat' dir='ltr'>Ciceronem</span> <span class='ocrx_word' id='word_1_60' title='bbox 1178 1164 1254 1214; x_wconf 84' lang='lat' dir='ltr'>esse</span> 
     </span>
     <span class='ocr_line' id='line_1_9' title="bbox 185 1254 1254 1352; baseline 0.002 -26"><span class='ocrx_word' id='word_1_61' title='bbox 185 1254 360 1330; x_wconf 88' lang='lat' dir='ltr'>imitatum</span> <span class='ocrx_word' id='word_1_62' title='bbox 384 1281 460 1329; x_wconf 88' lang='lat' dir='ltr'>eam</span> <span class='ocrx_word' id='word_1_63' title='bbox 480 1257 521 1327; x_wconf 92' lang='lat' dir='ltr'>L.</span> <span class='ocrx_word' id='word_1_64' title='bbox 543 1255 671 1327; x_wconf 89' lang='lat' dir='ltr'>Licinii</span> <span class='ocrx_word' id='word_1_65' title='bbox 691 1255 819 1326; x_wconf 85' lang='lat' dir='ltr'>Crassi</span> <span class='ocrx_word' id='word_1_66' title='bbox 835 1256 1043 1340; x_wconf 89' lang='lat' dir='ltr'>orationem,</span> <span class='ocrx_word' id='word_1_67' title='bbox 1068 1279 1172 1352; x_wconf 91' lang='lat' dir='ltr'>quam</span> <span class='ocrx_word' id='word_1_68' title='bbox 1191 1281 1254 1350; x_wconf 91' lang='lat' dir='ltr'>pro</span> 
     </span>
     <span class='ocr_line' id='line_1_10' title="bbox 184 1370 1255 1466; baseline 0 -24"><span class='ocrx_word' id='word_1_69' title='bbox 184 1372 307 1443; x_wconf 90' lang='lat' dir='ltr'>Manio</span> <span class='ocrx_word' id='word_1_70' title='bbox 322 1372 424 1442; x_wconf 88' lang='lat' dir='ltr'>Curio</span> <span class='ocrx_word' id='word_1_71' title='bbox 441 1371 532 1466; x_wconf 85' lang='lat' dir='ltr'>apud</span> <span class='ocrx_word' id='word_1_72' title='bbox 545 1371 783 1442; x_wconf 86' lang='lat' dir='ltr'>centumviros</span> <span class='ocrx_word' id='word_1_73' title='bbox 797 1381 918 1442; x_wconf 88' lang='lat' dir='ltr'>contra</span> <span class='ocrx_word' id='word_1_74' title='bbox 933 1371 974 1450; x_wconf 79' lang='lat' dir='ltr'>o.</span> <span class='ocrx_word' id='word_1_75' title='bbox 989 1371 1143 1443; x_wconf 89' lang='lat' dir='ltr'>Mucium</span> <span class='ocrx_word' id='word_1_76' title='bbox 1154 1370 1255 1443; x_wconf 82' lang='lat' dir='ltr'>Scae-</span> 
     </span>
     <span class='ocr_line' id='line_1_11' title="bbox 184 1487 1250 1583; baseline 0.001 -26"><span class='ocrx_word' id='word_1_77' title='bbox 184 1488 298 1558; x_wconf 89' lang='lat' dir='ltr'>volam</span> <span class='ocrx_word' id='word_1_78' title='bbox 328 1489 504 1583; x_wconf 90' lang='lat' dir='ltr'>qnondam</span> <span class='ocrx_word' id='word_1_79' title='bbox 525 1487 706 1558; x_wconf 79' lang='lat' dir='ltr'>habuerat.</span> <span class='ocrx_word' id='word_1_80' title='bbox 730 1487 892 1575; x_wconf 81' lang='lat' dir='ltr'>Etenim,</span> <span class='ocrx_word' id='word_1_81' title='bbox 920 1511 1026 1581; x_wconf 92' lang='lat' dir='ltr'>qnnm</span> <span class='ocrx_word' id='word_1_82' title='bbox 1052 1511 1094 1558; x_wconf 88' lang='lat' dir='ltr'>ex</span> <span class='ocrx_word' id='word_1_83' title='bbox 1113 1488 1250 1559; x_wconf 89' lang='lat' dir='ltr'>animc-</span> 
     </span>
     <span class='ocr_line' id='line_1_12' title="bbox 186 1602 1252 1697; baseline 0 -25"><span class='ocrx_word' id='word_1_84' title='bbox 186 1627 265 1674; x_wconf 90' lang='lat' dir='ltr'>rum</span> <span class='ocrx_word' id='word_1_85' title='bbox 285 1603 379 1674; x_wconf 86' lang='lat' dir='ltr'>motu</span> <span class='ocrx_word' id='word_1_86' title='bbox 396 1612 515 1674; x_wconf 90' lang='lat' dir='ltr'>noster</span> <span class='ocrx_word' id='word_1_87' title='bbox 529 1602 755 1674; x_wconf 82' lang='lat' dir='ltr'>intellexisset</span> <span class='ocrx_word' id='word_1_88' title='bbox 770 1602 1062 1697; x_wconf 87' lang='lat' dir='ltr'>quidtractandis</span> <span class='ocrx_word' id='word_1_89' title='bbox 1073 1602 1252 1696; x_wconf 89' lang='lat' dir='ltr'>judicibus</span> 
     </span>
     <span class='ocr_line' id='line_1_13' title="bbox 185 1715 1252 1813; baseline -0.001 -23"><span class='ocrx_word' id='word_1_90' title='bbox 185 1715 388 1813; x_wconf 81' lang='lat' dir='ltr'>perfecisset</span> <span class='ocrx_word' id='word_1_91' title='bbox 408 1716 562 1804; x_wconf 85' lang='lat' dir='ltr'>Calvus,¹</span> <span class='ocrx_word' id='word_1_92' title='bbox 577 1727 616 1788; x_wconf 94' lang='lat' dir='ltr'>ut</span> <span class='ocrx_word' id='word_1_93' title='bbox 644 1739 664 1787; x_wconf 98' lang='lat' dir='ltr'>a</span> <span class='ocrx_word' id='word_1_94' title='bbox 689 1717 876 1789; x_wconf 79' lang='lat' dir='ltr'>seueritate</span> <span class='ocrx_word' id='word_1_95' title='bbox 901 1717 937 1790; x_wconf 89' lang='lat' dir='ltr'>in</span> <span class='ocrx_word' id='word_1_96' title='bbox 959 1716 1172 1790; x_wconf 86' lang='lat' dir='ltr'>hilaritatem</span> <span class='ocrx_word' id='word_1_97' title='bbox 1194 1743 1252 1790; x_wconf 87' lang='lat' dir='ltr'>eos</span> 
     </span>
     <span class='ocr_line' id='line_1_14' title="bbox 186 1829 1252 1928; baseline 0.003 -23"><span class='ocrx_word' id='word_1_98' title='bbox 186 1835 400 1922; x_wconf 84' lang='lat' dir='ltr'>traduceret,</span> <span class='ocrx_word' id='word_1_99' title='bbox 422 1832 535 1905; x_wconf 88' lang='lat' dir='ltr'>facete</span> <span class='ocrx_word' id='word_1_100' title='bbox 559 1856 684 1905; x_wconf 82' lang='lat' dir='ltr'>uersus</span> <span class='ocrx_word' id='word_1_101' title='bbox 701 1829 957 1928; x_wconf 83' lang='lat' dir='ltr'>interponendo</span> <span class='ocrx_word' id='word_1_102' title='bbox 976 1834 1176 1927; x_wconf 85' lang='lat' dir='ltr'>incipiebat,</span> <span class='ocrx_word' id='word_1_103' title='bbox 1195 1846 1252 1908; x_wconf 86' lang='lat' dir='ltr'>at-</span> 
     </span>
     <span class='ocr_line' id='line_1_15' title="bbox 186 1949 1331 2046; baseline 0.002 -26"><span class='ocrx_word' id='word_1_104' title='bbox 186 1975 252 2046; x_wconf 89' lang='lat' dir='ltr'>que</span> <span class='ocrx_word' id='word_1_105' title='bbox 268 1950 425 2043; x_wconf 89' lang='lat' dir='ltr'>ejusdem</span> <span class='ocrx_word' id='word_1_106' title='bbox 449 1950 591 2042; x_wconf 78' lang='lat' dir='ltr'>generis</span> <span class='ocrx_word' id='word_1_107' title='bbox 612 1950 794 2020; x_wconf 87' lang='lat' dir='ltr'>sententiis</span> <span class='ocrx_word' id='word_1_108' title='bbox 812 1973 883 2020; x_wconf 91' lang='lat' dir='ltr'>non</span> <span class='ocrx_word' id='word_1_109' title='bbox 907 1949 1020 2021; x_wconf 91' lang='lat' dir='ltr'>solum</span> <span class='ocrx_word' id='word_1_110' title='bbox 1043 1949 1250 2037; x_wconf 89' lang='lat' dir='ltr'>delectabat,</span> <span class='ocrx_word' id='word_1_111' title='bbox 1330 2035 1331 2039; x_wconf 7' lang='grc' dir='ltr'><strong>Ἰ</strong></span> 
     </span>
     <span class='ocr_line' id='line_1_16' title="bbox 185 2062 1247 2161; baseline 0.003 -26"><span class='ocrx_word' id='word_1_112' title='bbox 185 2065 278 2161; x_wconf 91' lang='lat' dir='ltr'>quod</span> <span class='ocrx_word' id='word_1_113' title='bbox 293 2075 345 2137; x_wconf 88' lang='lat' dir='ltr'>est</span> <span class='ocrx_word' id='word_1_114' title='bbox 365 2087 473 2134; x_wconf 89' lang='lat' dir='ltr'>unurn</span> <span class='ocrx_word' id='word_1_115' title='bbox 499 2087 517 2134; x_wconf 92' lang='lat' dir='ltr'>e</span> <span class='ocrx_word' id='word_1_116' title='bbox 542 2065 655 2136; x_wconf 88' lang='lat' dir='ltr'>tribus</span> <span class='ocrx_word' id='word_1_117' title='bbox 671 2088 749 2159; x_wconf 80' lang='lat' dir='ltr'>quae</span> <span class='ocrx_word' id='word_1_118' title='bbox 769 2066 812 2135; x_wconf 90' lang='lat' dir='ltr'>ab</span> <span class='ocrx_word' id='word_1_119' title='bbox 831 2076 971 2136; x_wconf 88' lang='lat' dir='ltr'>oratore</span> <span class='ocrx_word' id='word_1_120' title='bbox 993 2062 1084 2136; x_wconf 87' lang='lat' dir='ltr'>effici</span> <span class='ocrx_word' id='word_1_121' title='bbox 1108 2065 1247 2150; x_wconf 91' lang='lat' dir='ltr'>debent,</span> 
     </span>
     <span class='ocr_line' id='line_1_17' title="bbox 183 2179 1250 2274; baseline 0.003 -22"><span class='ocrx_word' id='word_1_122' title='bbox 183 2182 245 2252; x_wconf 86' lang='lat' dir='ltr'>sed</span> <span class='ocrx_word' id='word_1_123' title='bbox 265 2183 366 2253; x_wconf 90' lang='lat' dir='ltr'>etiam</span> <span class='ocrx_word' id='word_1_124' title='bbox 389 2179 740 2251; x_wconf 87' lang='lat' dir='ltr'>honoratissimorum</span> <span class='ocrx_word' id='word_1_125' title='bbox 767 2181 924 2251; x_wconf 87' lang='lat' dir='ltr'>virorum</span> <span class='ocrx_word' id='word_1_126' title='bbox 952 2181 1122 2274; x_wconf 82' lang='lat' dir='ltr'>exemplis</span> <span class='ocrx_word' id='word_1_127' title='bbox 1145 2180 1250 2255; x_wconf 86' lang='lat' dir='ltr'>officii</span> 
     </span>
     <span class='ocr_line' id='line_1_18' title="bbox 184 2295 1251 2389; baseline 0.003 -22"><span class='ocrx_word' id='word_1_128' title='bbox 184 2298 239 2368; x_wconf 91' lang='lat' dir='ltr'>sni</span> <span class='ocrx_word' id='word_1_129' title='bbox 259 2297 515 2384; x_wconf 87' lang='lat' dir='ltr'>necessitatem,</span> <span class='ocrx_word' id='word_1_130' title='bbox 540 2318 617 2389; x_wconf 78' lang='lat' dir='ltr'>qnae</span> <span class='ocrx_word' id='word_1_131' title='bbox 642 2319 726 2366; x_wconf 87' lang='lat' dir='ltr'>sane</span> <span class='ocrx_word' id='word_1_132' title='bbox 746 2297 806 2367; x_wconf 85' lang='lat' dir='ltr'>vix</span> <span class='ocrx_word' id='word_1_133' title='bbox 823 2295 1001 2368; x_wconf 90' lang='lat' dir='ltr'>credibilis</span> <span class='ocrx_word' id='word_1_134' title='bbox 1016 2297 1251 2370; x_wconf 83' lang='lat' dir='ltr'>esserideba-</span> 
     </span>
     <span class='ocr_line' id='line_1_19' title="bbox 182 2411 1251 2506; baseline 0.001 -23"><span class='ocrx_word' id='word_1_135' title='bbox 182 2423 252 2501; x_wconf 91' lang='lat' dir='ltr'>tur,</span> <span class='ocrx_word' id='word_1_136' title='bbox 273 2411 475 2500; x_wconf 86' lang='lat' dir='ltr'>excusabat,</span> <span class='ocrx_word' id='word_1_137' title='bbox 497 2419 602 2505; x_wconf 88' lang='lat' dir='ltr'>atque</span> <span class='ocrx_word' id='word_1_138' title='bbox 625 2413 692 2482; x_wconf 90' lang='lat' dir='ltr'>ista</span> <span class='ocrx_word' id='word_1_139' title='bbox 716 2412 915 2483; x_wconf 85' lang='lat' dir='ltr'>urbanitate</span> <span class='ocrx_word' id='word_1_140' title='bbox 939 2421 1135 2506; x_wconf 88' lang='lat' dir='ltr'>opportuna</span> <span class='ocrx_word' id='word_1_141' title='bbox 1157 2411 1251 2484; x_wconf 86' lang='lat' dir='ltr'>fidu-</span> 
     </span>
     <span class='ocr_line' id='line_1_20' title="bbox 183 2517 1247 2622; baseline 0.005 -26"><span class='ocrx_word' id='word_1_142' title='bbox 183 2528 284 2615; x_wconf 89' lang='lat' dir='ltr'>ciam,</span> <span class='ocrx_word' id='word_1_143' title='bbox 307 2549 386 2620; x_wconf 89' lang='lat' dir='ltr'>quae</span> <span class='ocrx_word' id='word_1_144' title='bbox 407 2549 477 2596; x_wconf 92' lang='lat' dir='ltr'>non</span> <span class='ocrx_word' id='word_1_145' title='bbox 500 2548 638 2619; x_wconf 91' lang='lat' dir='ltr'>semper</span> <span class='ocrx_word' id='word_1_146' title='bbox 657 2528 818 2621; x_wconf 90' lang='lat' dir='ltr'>opinione</span> <span class='ocrx_word' id='word_1_147' title='bbox 838 2517 1054 2620; x_wconf 83' lang='lat' dir='ltr'>arrogantiae</span> <span class='ocrx_word' id='word_1_148' title='bbox 1073 2527 1212 2601; x_wconf 89' lang='lat' dir='ltr'>laborat</span> <span class='ocrx_word' id='word_1_149' title='bbox 1221 2530 1247 2622; x_wconf 81' lang='lat'>⁴,</span> 
     </span>
     <span class='ocr_line' id='line_1_21' title="bbox 181 2638 1249 2740; baseline 0.003 -29"><span class='ocrx_word' id='word_1_150' title='bbox 181 2638 465 2735; x_wconf 88' lang='lat' dir='ltr'>praeseferebat.</span> <span class='ocrx_word' id='word_1_151' title='bbox 482 2642 586 2712; x_wconf 88' lang='lat' dir='ltr'>Nunc</span> <span class='ocrx_word' id='word_1_152' title='bbox 601 2641 643 2712; x_wconf 91' lang='lat' dir='ltr'>de</span> <span class='ocrx_word' id='word_1_153' title='bbox 661 2642 795 2738; x_wconf 89' lang='lat' dir='ltr'>reliqua</span> <span class='ocrx_word' id='word_1_154' title='bbox 809 2643 967 2714; x_wconf 86' lang='lat' dir='ltr'>oratione</span> <span class='ocrx_word' id='word_1_155' title='bbox 981 2643 1155 2714; x_wconf 88' lang='lat' dir='ltr'>disserere</span> <span class='ocrx_word' id='word_1_156' title='bbox 1164 2668 1249 2740; x_wconf 90' lang='lat' dir='ltr'>per-</span> 
     </span>
     <span class='ocr_line' id='line_1_22' title="bbox 181 2755 1249 2851; baseline 0.004 -22"><span class='ocrx_word' id='word_1_157' title='bbox 181 2781 285 2851; x_wconf 92' lang='lat' dir='ltr'>quam</span> <span class='ocrx_word' id='word_1_158' title='bbox 309 2755 451 2828; x_wconf 79' lang='lat' dir='ltr'>duficue</span> <span class='ocrx_word' id='word_1_159' title='bbox 470 2765 533 2844; x_wconf 83' lang='lat' dir='ltr'>est,</span> <span class='ocrx_word' id='word_1_160' title='bbox 562 2780 770 2851; x_wconf 86' lang='lat' dir='ltr'>quanquam,</span> <span class='ocrx_word' id='word_1_161' title='bbox 794 2781 813 2828; x_wconf 92' lang='lat' dir='ltr'>e</span> <span class='ocrx_word' id='word_1_162' title='bbox 837 2757 969 2829; x_wconf 91' lang='lat' dir='ltr'>scholia</span> <span class='ocrx_word' id='word_1_163' title='bbox 994 2758 1180 2831; x_wconf 90' lang='lat' dir='ltr'>Bobiensia</span> <span class='ocrx_word' id='word_1_164' title='bbox 1205 2763 1249 2833; x_wconf 94' lang='lat' dir='ltr'>ad</span> 
     </span>
     <span class='ocr_line' id='line_1_23' title="bbox 181 2871 1247 2970; baseline 0.006 -26"><span class='ocrx_word' id='word_1_165' title='bbox 181 2871 397 2966; x_wconf 74' lang='lat' dir='ltr'>Interrog.⁵.&#39;</span> <span class='ocrx_word' id='word_1_166' title='bbox 424 2873 564 2961; x_wconf 78' lang='lat' dir='ltr'>Vatin,</span> <span class='ocrx_word' id='word_1_167' title='bbox 596 2872 799 2944; x_wconf 88' lang='lat' dir='ltr'>Ciceronem</span> <span class='ocrx_word' id='word_1_168' title='bbox 830 2874 1015 2946; x_wconf 87' lang='lat' dir='ltr'>didicimus</span> <span class='ocrx_word' id='word_1_169' title='bbox 1045 2876 1247 2970; x_wconf 87' lang='lat' dir='ltr'>plenissime</span> 
     </span>
     <span class='ocr_line' id='line_1_24' title="bbox 159 2987 1249 3086; baseline 0.008 -27"><span class='ocrx_word' id='word_1_170' title='bbox 159 3025 165 3034; x_wconf 78' lang='lat'>,</span> <span class='ocrx_word' id='word_1_171' title='bbox 179 2989 402 3082; x_wconf 82' lang='lat' dir='ltr'>purgavisse,</span> <span class='ocrx_word' id='word_1_172' title='bbox 425 2987 624 3060; x_wconf 81' lang='lat' dir='ltr'>defendisse</span> <span class='ocrx_word' id='word_1_173' title='bbox 655 2999 690 3060; x_wconf 90' lang='lat' dir='ltr'>et</span> <span class='ocrx_word' id='word_1_174' title='bbox 717 3013 786 3060; x_wconf 91' lang='lat' dir='ltr'>non</span> <span class='ocrx_word' id='word_1_175' title='bbox 812 2991 885 3062; x_wconf 88' lang='lat' dir='ltr'>sine</span> <span class='ocrx_word' id='word_1_176' title='bbox 909 2990 1014 3062; x_wconf 91' lang='lat' dir='ltr'>laude</span> <span class='ocrx_word' id='word_1_177' title='bbox 1044 2992 1249 3086; x_wconf 86' lang='lat' dir='ltr'>probavisse</span> 
     </span>
     <span class='ocr_line' id='line_1_25' title="bbox 179 3105 1245 3204; baseline 0.008 -29"><span class='ocrx_word' id='word_1_178' title='bbox 179 3106 360 3177; x_wconf 84' lang='lat' dir='ltr'>Vatinium</span> <span class='ocrx_word' id='word_1_179' title='bbox 368 3105 451 3199; x_wconf 88' lang='lat' dir='ltr'>jure</span> <span class='ocrx_word' id='word_1_180' title='bbox 469 3127 510 3176; x_wconf 91' lang='lat' dir='ltr'>ac</span> <span class='ocrx_word' id='word_1_181' title='bbox 525 3107 649 3178; x_wconf 89' lang='lat' dir='ltr'>merito</span> <span class='ocrx_word' id='word_1_182' title='bbox 669 3129 706 3176; x_wconf 87' lang='lat' dir='ltr'>se</span> <span class='ocrx_word' id='word_1_183' title='bbox 720 3106 983 3202; x_wconf 83' lang='lat' dir='ltr'>Pythagoreum</span> <span class='ocrx_word' id='word_1_184' title='bbox 999 3108 1115 3182; x_wconf 89' lang='lat' dir='ltr'>dicere</span> <span class='ocrx_word' id='word_1_185' title='bbox 1129 3135 1245 3204; x_wconf 90' lang='lat' dir='ltr'>posse,</span> 
     </span>
     <span class='ocr_line' id='line_1_26' title="bbox 178 3222 1247 3321; baseline 0.006 -28"><span class='ocrx_word' id='word_1_186' title='bbox 178 3222 268 3318; x_wconf 92' lang='lat' dir='ltr'>quod</span> <span class='ocrx_word' id='word_1_187' title='bbox 299 3223 437 3318; x_wconf 91' lang='lat' dir='ltr'>quidem</span> <span class='ocrx_word' id='word_1_188' title='bbox 461 3231 565 3294; x_wconf 90' lang='lat' dir='ltr'>antea</span> <span class='ocrx_word' id='word_1_189' title='bbox 593 3223 845 3294; x_wconf 90' lang='lat' dir='ltr'>contumeliose</span> <span class='ocrx_word' id='word_1_190' title='bbox 867 3224 1046 3314; x_wconf 88' lang='lat' dir='ltr'>irriserat,</span> <span class='ocrx_word' id='word_1_191' title='bbox 1072 3237 1106 3298; x_wconf 89' lang='lat' dir='ltr'>et</span> <span class='ocrx_word' id='word_1_192' title='bbox 1134 3223 1247 3321; x_wconf 89' lang='lat' dir='ltr'>quan-</span> 
     </span>
     <span class='ocr_line' id='line_1_27' title="bbox 177 3338 1244 3434; baseline 0.002 -24"><span class='ocrx_word' id='word_1_193' title='bbox 177 3362 281 3434; x_wconf 91' lang='lat' dir='ltr'>quam</span> <span class='ocrx_word' id='word_1_194' title='bbox 301 3339 401 3410; x_wconf 86' lang='lat' dir='ltr'>divns</span> <span class='ocrx_word' id='word_1_195' title='bbox 420 3339 657 3433; x_wconf 86' lang='lat' dir='ltr'>Hieronymus</span> <span class='ocrx_word' id='word_1_196' title='bbox 675 3338 933 3412; x_wconf 89' lang='lat' dir='ltr'>oratiunculam</span> <span class='ocrx_word' id='word_1_197' title='bbox 953 3340 1133 3412; x_wconf 88' lang='lat' dir='ltr'>Ciceronis</span> <span class='ocrx_word' id='word_1_198' title='bbox 1147 3341 1244 3415; x_wconf 91' lang='lat' dir='ltr'>illam</span> 
     </span>
     <span class='ocr_line' id='line_1_28' title="bbox 176 3455 1245 3553; baseline 0.004 -27"><span class='ocrx_word' id='word_1_199' title='bbox 176 3480 245 3526; x_wconf 88' lang='lat' dir='ltr'>non</span> <span class='ocrx_word' id='word_1_200' title='bbox 264 3455 422 3528; x_wconf 89' lang='lat' dir='ltr'>inutilem</span> <span class='ocrx_word' id='word_1_201' title='bbox 442 3480 518 3528; x_wconf 88' lang='lat' dir='ltr'>esse</span> <span class='ocrx_word' id='word_1_202' title='bbox 541 3457 777 3547; x_wconf 88' lang='lat' dir='ltr'>denunciavit,</span> <span class='ocrx_word' id='word_1_203' title='bbox 800 3458 882 3553; x_wconf 92' lang='lat' dir='ltr'>quia</span> <span class='ocrx_word' id='word_1_204' title='bbox 905 3458 958 3528; x_wconf 90' lang='lat' dir='ltr'>ibi</span> <span class='ocrx_word' id='word_1_205' title='bbox 978 3457 1245 3530; x_wconf 72' lang='lat' dir='ltr'>sodaliciornm⁶</span> 
     </span>
     <span class='ocr_line' id='line_1_29' title="bbox 175 3572 1242 3646; baseline 0.003 -3"><span class='ocrx_word' id='word_1_206' title='bbox 175 3572 280 3643; x_wconf 82' lang='lat' dir='ltr'>fiebat</span> <span class='ocrx_word' id='word_1_207' title='bbox 303 3573 444 3645; x_wconf 79' lang='lat' dir='ltr'>mentio,</span> <span class='ocrx_word' id='word_1_208' title='bbox 463 3573 566 3643; x_wconf 89' lang='lat' dir='ltr'>Hunc</span> <span class='ocrx_word' id='word_1_209' title='bbox 580 3581 697 3643; x_wconf 90' lang='lat' dir='ltr'>autem</span> <span class='ocrx_word' id='word_1_210' title='bbox 716 3576 945 3644; x_wconf 82' lang='lat' dir='ltr'>novissimum</span> <span class='ocrx_word' id='word_1_211' title='bbox 961 3574 1074 3646; x_wconf 91' lang='lat' dir='ltr'>locum</span> <span class='ocrx_word' id='word_1_212' title='bbox 1094 3599 1163 3646; x_wconf 78' lang='lat' dir='ltr'>nor]</span> <span class='ocrx_word' id='word_1_213' title='bbox 1184 3577 1242 3646; x_wconf 87' lang='lat' dir='ltr'>in-</span> 
     </span>
    </p>
   </div>
   <div class='ocr_carea' id='block_1_3' title="bbox 203 3781 917 4251">
    <p class='ocr_par' dir='ltr' id='par_1_3' title="bbox 208 3781 809 3844">
     <span class='ocr_line' id='line_1_30' title="bbox 208 3781 809 3844; baseline 0.01 -16"><span class='ocrx_word' id='word_1_214' title='bbox 208 3781 217 3815; x_wconf 69' lang='grc'><strong>1</strong></span> <span class='ocrx_word' id='word_1_215' title='bbox 234 3781 345 3840; x_wconf 81' lang='lat' dir='ltr'>Tacitus,</span> <span class='ocrx_word' id='word_1_216' title='bbox 360 3781 480 3844; x_wconf 79' lang='lat' dir='ltr'>Dialogus</span> <span class='ocrx_word' id='word_1_217' title='bbox 494 3783 525 3832; x_wconf 87' lang='lat' dir='ltr'>de</span> <span class='ocrx_word' id='word_1_218' title='bbox 541 3784 700 3842; x_wconf 84' lang='lat' dir='ltr'>Oratoribus,</span> <span class='ocrx_word' id='word_1_219' title='bbox 715 3801 737 3834; x_wconf 90' lang='lat' dir='ltr'>r.</span> <span class='ocrx_word' id='word_1_220' title='bbox 752 3801 809 3835; x_wconf 76' lang='lat' dir='ltr'>xxi.</span> 
     </span>
    </p>

    <p class='ocr_par' dir='ltr' id='par_1_4' title="bbox 207 3861 826 3922">
     <span class='ocr_line' id='line_1_31' title="bbox 207 3861 826 3922; baseline 0.01 -12"><span class='ocrx_word' id='word_1_221' title='bbox 207 3861 219 3896; x_wconf 72' lang='lat'><strong><em>2</em></strong></span> <span class='ocrx_word' id='word_1_222' title='bbox 235 3863 341 3922; x_wconf 88' lang='lat' dir='ltr'>Seneca,</span> <span class='ocrx_word' id='word_1_223' title='bbox 358 3863 594 3914; x_wconf 82' lang='lat' dir='ltr'>Controuersiarum</span> <span class='ocrx_word' id='word_1_224' title='bbox 609 3863 653 3913; x_wconf 91' lang='lat' dir='ltr'>lib.</span> <span class='ocrx_word' id='word_1_225' title='bbox 670 3865 715 3914; x_wconf 85' lang='lat' dir='ltr'>lll.</span> <span class='ocrx_word' id='word_1_226' title='bbox 730 3882 752 3915; x_wconf 88' lang='lat' dir='ltr'>c.</span> <span class='ocrx_word' id='word_1_227' title='bbox 769 3881 826 3916; x_wconf 79' lang='lat' dir='ltr'>xix.</span> 
     </span>
    </p>

    <p class='ocr_par' dir='ltr' id='par_1_5' title="bbox 205 3943 660 4009">
     <span class='ocr_line' id='line_1_32' title="bbox 205 3943 660 4009; baseline 0.013 -21"><span class='ocrx_word' id='word_1_228' title='bbox 205 3943 217 3976; x_wconf 82' lang='lat'>³</span> <span class='ocrx_word' id='word_1_229' title='bbox 237 3943 315 4006; x_wconf 79' lang='lat' dir='ltr'>tlpist.</span> <span class='ocrx_word' id='word_1_230' title='bbox 329 3944 457 4004; x_wconf 69' lang='lat' dir='ltr'>lumiliar„</span> <span class='ocrx_word' id='word_1_231' title='bbox 469 3944 518 4006; x_wconf 87' lang='lat' dir='ltr'>lib.</span> <span class='ocrx_word' id='word_1_232' title='bbox 535 3944 554 4005; x_wconf 94' lang='lat'>1,</span> <span class='ocrx_word' id='word_1_233' title='bbox 566 3961 606 4009; x_wconf 92' lang='lat' dir='ltr'>ep.</span> <span class='ocrx_word' id='word_1_234' title='bbox 623 3961 660 3994; x_wconf 85' lang='lat' dir='ltr'>rx.</span> 
     </span>
    </p>

    <p class='ocr_par' dir='ltr' id='par_1_6' title="bbox 208 4022 607 4082">
     <span class='ocr_line' id='line_1_33' title="bbox 208 4022 607 4082; baseline 0.005 -11"><span class='ocrx_word' id='word_1_235' title='bbox 208 4027 218 4059; x_wconf 76' lang='lat' dir='ltr'>l</span> <span class='ocrx_word' id='word_1_236' title='bbox 233 4022 411 4082; x_wconf 81' lang='lat' dir='ltr'>Quintilianus,</span> <span class='ocrx_word' id='word_1_237' title='bbox 428 4023 472 4072; x_wconf 90' lang='lat' dir='ltr'>lib.</span> <span class='ocrx_word' id='word_1_238' title='bbox 489 4024 536 4082; x_wconf 88' lang='lat' dir='ltr'>IV,</span> <span class='ocrx_word' id='word_1_239' title='bbox 549 4040 570 4073; x_wconf 90' lang='lat' dir='ltr'>o.</span> <span class='ocrx_word' id='word_1_240' title='bbox 589 4040 607 4074; x_wconf 85' lang='lat'>1.</span> 
     </span>
    </p>

    <p class='ocr_par' dir='ltr' id='par_1_7' title="bbox 206 4103 350 4161">
     <span class='ocr_line' id='line_1_34' title="bbox 206 4103 350 4161; baseline -0.007 -7"><span class='ocrx_word' id='word_1_241' title='bbox 206 4105 217 4138; x_wconf 77' lang='lat'>5</span> <span class='ocrx_word' id='word_1_242' title='bbox 234 4107 261 4154; x_wconf 84' lang='lat' dir='ltr'>C.</span> <span class='ocrx_word' id='word_1_243' title='bbox 276 4119 311 4161; x_wconf 85' lang='lat' dir='ltr'>v1,</span> <span class='ocrx_word' id='word_1_244' title='bbox 328 4103 350 4153; x_wconf 85' lang='lat'>1.</span> 
     </span>
    </p>

    <p class='ocr_par' dir='ltr' id='par_1_8' title="bbox 203 4183 917 4251">
     <span class='ocr_line' id='line_1_35' title="bbox 203 4183 917 4251; baseline -0.003 -17"><span class='ocrx_word' id='word_1_245' title='bbox 203 4183 215 4217; x_wconf 67' lang='grc' dir='ltr'><strong>ὓ</strong></span> <span class='ocrx_word' id='word_1_246' title='bbox 231 4184 310 4235; x_wconf 82' lang='lat' dir='ltr'>Divus</span> <span class='ocrx_word' id='word_1_247' title='bbox 326 4183 507 4248; x_wconf 81' lang='lat' dir='ltr'>Hieronymus,</span> <span class='ocrx_word' id='word_1_248' title='bbox 523 4185 579 4235; x_wconf 84' lang='lat' dir='ltr'>adr.</span> <span class='ocrx_word' id='word_1_249' title='bbox 591 4185 661 4241; x_wconf 74' lang='lat' dir='ltr'>uun,</span> <span class='ocrx_word' id='word_1_250' title='bbox 675 4184 721 4233; x_wconf 87' lang='lat' dir='ltr'>lib.</span> <span class='ocrx_word' id='word_1_251' title='bbox 737 4183 781 4242; x_wconf 88' lang='grc' dir='ltr'>ΙΙΙ,</span> <span class='ocrx_word' id='word_1_252' title='bbox 799 4190 816 4235; x_wconf 88' lang='lat' dir='ltr'>t.</span> <span class='ocrx_word' id='word_1_253' title='bbox 834 4184 880 4251; x_wconf 78' lang='lat' dir='ltr'>lv,</span> <span class='ocrx_word' id='word_1_254' title='bbox 893 4186 917 4238; x_wconf 78' lang='lat'>2.</span> 
     </span>
    </p>
   </div>
   <div class='ocr_carea' id='block_1_4' title="bbox 0 0 1526 4938">
    <p class='ocr_par' dir='ltr' id='par_1_9' title="bbox 0 0 1526 4938">
     <span class='ocr_line' id='line_1_36' title="bbox 0 0 1526 4938; baseline 0 5"><span class='ocrx_word' id='word_1_255' title='bbox 0 0 1526 4938; x_wconf 95' lang='lat' dir='ltr'> </span> 
     </span>
    </p>
   </div>
  </div>
 </body>
</html>
