3024 4944
298 400 344 452 1³0
396 399 652 452 FRAGMENTA
673 397 916 450 ORATIONUM
937 397 1269 450 DEPERDITARUM

297 520 395 580 inhiat
407 539 442 580 ac
457 519 639 597 proscribit;
657 518 688 578 in
704 519 780 578 villa
792 518 938 579 centuriae
952 521 996 580 M.
1013 520 1110 580 Tullii
1122 520 1208 580 servi
1222 525 1369 580 manent:

297 645 416 700 servos,
431 628 483 688 vel
497 633 585 687 nocte
599 626 650 686 vel
667 626 735 686 luce
750 627 1022 706 appropinquante,
1037 628 1175 688 homines
1190 628 1282 688 Fabii
1296 628 1373 686 ado-

297 734 420 795 riuntur
444 740 536 811 atque
557 732 711 810 occidunt,
738 733 908 810 villamque
927 741 1033 812 postea
1057 735 1246 812 disturbant,
1268 737 1369 811 quasi,

251 921 253 926 Ι
297 842 458 920 provincia
467 840 590 900 devicta
599 859 634 900 ac
648 847 767 917 pacata,
784 840 866 899 omni
878 841 949 901 belli
962 845 1034 920 Jure
1048 847 1222 902 uterentur.
1238 843 1371 901 Tantam

298 949 453 1010 licentiam
476 953 653 1034 tantamque
672 946 865 1023 iniquitatem
890 968 988 1025 neque
1010 949 1213 1027 providerant
1236 954 1372 1029 majores

296 1077 394 1136 neque
408 1056 645 1134 prohibuerant,
662 1054 775 1130 itaque,
792 1059 826 1114 ut
840 1055 948 1118 otiosis
962 1057 1042 1117 viris
1060 1057 1260 1118 securitatem
1274 1059 1367 1118 affer-

297 1168 377 1239 rent,
394 1178 521 1222 summae
539 1157 717 1237 reipublicae
731 1179 835 1232 eausa,
854 1163 1030 1236 interdicta,
1055 1162 1175 1239 legibus
1191 1161 1370 1236 silentibus,

296 1271 415 1330 interea
434 1273 661 1347 proposuerunt
683 1273 843 1344 praetores,
863 1286 1003 1344 unusque
1027 1286 1065 1327 ex
1088 1268 1128 1327 iis
1152 1259 1204 1328 M?
1217 1270 1371 1329 Lucullus

297 1378 414 1455 primus
426 1375 579 1456 judicium
594 1373 637 1433 ita
653 1373 737 1434 dedit
752 1373 789 1434 de
804 1375 835 1434 vi
850 1374 964 1436 coactis
980 1377 1166 1452 armatisque
1179 1377 1367 1450 bominibus,

298 1490 342 1558 ut,
358 1484 384 1544 si
402 1485 471 1561 quis
488 1483 636 1543 familiam
660 1500 746 1542 snam
761 1488 909 1542 armatam
928 1482 993 1541 vim
1015 1483 1131 1542 inferre
1146 1484 1307 1561 caedesque
1322 1485 1372 1544 fa-

297 1611 366 1653 cere
379 1609 491 1669 passus
504 1596 597 1667 esset,
613 1589 644 1648 id
659 1589 729 1649 dolo
739 1590 819 1648 malo
834 1589 945 1649 fecisse
958 1589 1202 1665 existimaretur,
1220 1609 1319 1667 neque
1333 1592 1371 1651 dc

293 1700 365 1774 jure
376 1705 406 1758 et
420 1697 546 1776 injuria,
564 1715 656 1773 quum
671 1695 766 1756 armis
781 1715 871 1773 quam
879 1695 952 1772 jure
970 1713 1063 1772 agere
1077 1697 1248 1773 maluisset,
1265 1709 1371 1776 posset

298 1804 465 1880 disputare.
481 1804 545 1862 Per
559 1803 616 1861 hoc
628 1801 827 1861 interdictum
842 1800 879 1860 ad
894 1806 1057 1877 praetorem
1073 1802 1253 1880 Marcellum
1269 1803 1302 1863 in
1314 1808 1370 1882 ju-

297 1911 412 1971 dicium
432 1911 519 1970 venit
542 1912 579 1969 P.
603 1909 731 1985 Fabius,
757 1926 792 1967 ac
807 1914 871 1968 tota
897 1914 942 1969 est
964 1909 1177 1969 controversia
1200 1910 1238 1970 de
1261 1913 1369 1972 verbis

297 2019 395 2096 ipsius
409 2017 578 2094 interdicti,
594 2017 816 2093 quodquidem,
834 2016 995 2088 utiterum
1016 2015 1125 2085 dicam,
1144 2017 1231 2076 nobis
1248 2019 1369 2078 abunde

297 2129 405 2204 probat
417 2127 619 2202 hoctempore
628 2122 766 2184 homines
779 2123 923 2183 Sullanos
932 2122 965 2181 in
974 2121 1114 2182 fortunas
1124 2122 1369 2202 uuiuscujusque

296 2231 444 2307 impetum
461 2229 564 2290 faeere
587 2247 725 2306 sempere
740 2247 807 2289 esse
822 2234 957 2305 paratos.
975 2229 1071 2305 Ergo,
1088 2247 1146 2287 non
1162 2229 1273 2306 solum,
1290 2232 1367 2308 Apri

258 2317 267 2326 ’
298 2338 481 2397 sententiam
500 2337 718 2413 improbantes,
735 2354 792 2395 non
813 2352 849 2394 ea
866 2353 934 2411 quae
954 2353 970 2392 a
986 2334 1133 2394 Cicerone
1148 2335 1229 2395 diota
1243 2338 1367 2397 suntde

297 2443 428 2502 formula
443 2449 534 2518 atque
549 2442 727 2519 exceptione
741 2440 868 2500 moleste
879 2441 982 2517 legere
996 2441 1156 2519 debemus3
1174 2442 1227 2502 sed
1237 2443 1269 2502 in
1279 2444 1369 2521 frag-

297 2555 398 2608 menta
412 2549 559 2608 orationis
572 2567 627 2626 pro
637 2551 679 2608 M.
693 2548 1015 2609 Tullioincumbamus
1029 2554 1159 2625 oportet,
1171 2567 1230 2625 quo
1245 2549 1366 2611 facilius

296 2654 505 2732 intelligamus
518 2657 714 2730 quamobrem
727 2655 913 2732 pedetentim
933 2673 968 2714 ac
987 2656 1141 2732 gradatim
1164 2657 1366 2734 municipales

295 2761 358 2820 viri
371 2762 550 2839 reipublicae
564 2761 693 2820 formam
707 2761 890 2838 reliquerint
899 2767 936 2820 et
950 2762 1153 2839 prodiderint.
1169 2765 1271 2840 Hujus
1285 2764 1364 2824 enim

295 2869 451 2946 facinoris,
463 2871 542 2947 quod
553 2872 648 2947 vulgo
658 2870 789 2930 Caesaris
799 2869 1001 2946 parricidium
1011 2877 1151 2942 vocatur,
1164 2870 1265 2930 facilis
1275 2889 1365 2930 excu-

296 2979 373 3038 satio
400 2984 459 3050 est,
487 2979 513 3039 si
534 2979 699 3056 diligenter
719 2979 897 3038 examinare
923 2979 1114 3038 voluerimus
1143 2983 1257 3054 quanta
1285 2980 1362 3040 mala

295 3091 484 3162 quantasque
506 3087 695 3146 calamitates
710 3091 890 3163 experrecta
905 3085 1058 3155 nobilitas,
1078 3086 1167 3161 Sylla
1182 3085 1359 3163 imperante,

295 3200 359 3252 tum
374 3193 456 3270 plebi
470 3192 605 3270 rusticae,
620 3200 684 3254 tum
699 3194 840 3255 omnibus
854 3194 982 3268 Italicis,
998 3195 1149 3254 attulerit.
