3070 4950
611 386 829 469 rumrlrlo
1097 477 1100 483 ,
1223 425 1254 461 1¹

186 546 329 634 dixisse,
364 527 490 638 quani,
521 536 741 612 reconciliata
777 537 917 630 gratia,
954 538 1031 630 ejus
1062 537 1253 630 susceperit

185 677 440 774 patrocinium3
463 686 511 767 at,
534 698 639 770 quum
659 697 752 744 unus
775 672 831 742 bio
845 694 970 762 versus
990 669 1147 741 aServio
1166 693 1254 739 con—-

185 811 376 886 servatus¹
402 837 410 881 ε
441 835 459 880 u
481 810 601 881 Fibree
636 807 880 878 cincinnorum
909 807 1129 879 madentes»
1159 808 1253 881 haud

184 948 277 1019 illius
300 970 424 1018 versus
446 943 628 1016 dissimilis
657 951 728 1031 est,
760 966 861 1036 quern
886 944 924 1012 in
944 944 1101 1015 oratione
1129 954 1254 1022 contra

186 1085 221 1154 b
246 1081 475 1176 Calpurnium
489 1080 653 1152 Pisonem
667 1077 818 1171 legimus
835 1075 863 1170 ²,
882 1103 900 1147 «
922 1080 1103 1152 madentes
1117 1083 1253 1154 ciucinu

185 1223 310 1289 norum
324 1215 495 1304 fimbriae3
519 1238 537 1283 3
560 1235 746 1309 quumque,
771 1211 951 1285 Trebellio
973 1214 1133 1286 Pollione
1151 1213 1254 1286 afer„

186 1358 302 1422 mante
322 1351 525 1422 Ciceronem
536 1345 561 1437 ³,
582 1357 705 1419 contra
720 1347 905 1419 Gabinium
922 1349 1135 1444 loquentem,
1156 1372 1253 1443 prae-

185 1486 314 1558 dixisse
346 1482 460 1565 fasoes
494 1483 695 1554 consulares
732 1481 872 1575 ingredi
905 1482 1155 1556 Alexandriam
1184 1507 1251 1556 non

183 1620 304 1708 licere,
335 1616 553 1709 interpositae
587 1614 770 1707 religionis
797 1616 833 1685 in
856 1615 922 1687 bac
949 1639 989 1687 re
1019 1616 1106 1690 alias
1134 1627 1253 1692 noster

186 1751 416 1840 memineritl,
438 1750 531 1823 haud
550 1750 619 1820 scio
639 1771 684 1820 an
712 1752 755 1822 de
781 1750 846 1822 boc
864 1750 1064 1846 fragmento
1089 1751 1258 1858 dubitare

184 1901 287 1987 atque
310 1889 476 1961 haesitare
503 1886 608 1959 hodie
638 1887 773 1959 deceat.
800 1888 923 1960 Restat
951 1899 990 1960 ut
1013 1889 1127 1961 locum
1151 1890 1251 1966 illum

183 2047 402 2097 communem
417 2022 461 2093 de
472 2021 585 2093 reditu
598 2023 635 2092 in
653 2023 818 2114 gratiam,
833 2045 936 2116 quem
950 2024 1052 2095 divus
1069 2026 1248 2122 Hierony-

183 2183 260 2231 mus
284 2182 305 2230 a
329 2157 496 2228 Cicerone
521 2165 697 2227 mutuatus
719 2164 772 2226 est
791 2153 817 2239 ⁵,
841 2180 911 2227 uno
934 2157 1041 2230 verbo
1061 2160 1247 2253 attingam.

181 2295 295 2378 Quum
318 2295 411 2364 inter
438 2313 558 2363 omnes
582 2297 717 2361 constet
735 2289 826 2360 huno
853 2313 924 2360 non
942 2313 985 2363 ex
1013 2293 1168 2366 oratione
1190 2297 1250 2367 sed

182 2453 224 2500 ex
248 2427 512 2498 commentariis
526 2449 713 2498 causarum
732 2449 810 2497 esse
831 2426 1047 2521 decerptum,
1073 2451 1145 2499 non
1164 2432 1248 2503 mihi

181 2559 308 2632 licebat
337 2558 497 2631 eumdem
523 2544 733 2650 fragmentis
763 2558 959 2629 orationum
987 2560 1248 2654 deperditarum

181 2677 357 2764 Ciceronis
382 2691 522 2764 addere.
544 2692 624 2762 Non
651 2713 706 2760 me
728 2687 821 2783 fugit
844 2692 937 2761 enim
956 2693 1048 2784 apud
1069 2696 1248 2769 Romanos

180 2824 244 2896 hoc
265 2823 375 2896 fuisse
399 2799 436 2893 in
456 2847 552 2894 more
576 2823 727 2917 positum
748 2831 788 2894 ut
813 2823 1051 2895 scriberentur
1071 2830 1248 2902 orationes

180 2957 308 3030 habitae
318 2959 407 3051 jam,
421 2981 492 3028 non
502 2966 540 3028 ut
556 2957 772 3029 haberentur
782 2955 812 3049 ⁶3
830 2982 871 3030 ac
884 2959 1064 3054 probabile
1078 2970 1131 3032 est
1145 2962 1247 3034 Cice-

96 3107 112 3118 *
182 3115 302 3206 renem
321 3101 462 3184 putasse
478 3115 577 3164 suam
592 3093 727 3165 consilii
742 3095 971 3167 mutationem
989 3119 1061 3169 333
1078 3098 1164 3170 adeo
1183 3125 1248 3172 ex-

181 3225 364 3319 probatum
383 3225 440 3313 iri,
455 3226 530 3296 siin
545 3228 818 3299 existimantium
837 3227 1020 3302 arbitrium
1041 3215 1121 3306 talis
1136 3243 1246 3312 oratio
1327 3209 1331 3218 ι

181 3381 251 3428 non
262 3358 410 3428 venerit.
424 3357 523 3439 Quod
542 3359 584 3447 si,
607 3366 644 3429 ut
663 3359 797 3452 opinor,
820 3363 1013 3434 orationem
1029 3390 1091 3460 pro
1106 3369 1246 3442 Vatinio

179 3491 428 3586 proferendam
448 3493 637 3582 curaverit,
661 3517 705 3563 ne
723 3493 812 3565 illud
829 3495 1093 3590 obliviscamur,
1115 3501 1246 3574 scilicet

180 3652 250 3699 non
271 3607 380 3698 unum
395 3627 437 3698 de
460 3627 592 3712 multis,
612 3626 673 3699 sed
695 3629 731 3698 in
750 3628 816 3701 hac
835 3653 940 3703 causa
960 3631 1118 3703 Ciceroni
1137 3631 1246 3707 fuisse

212 3869 220 3902 ¹
235 3866 278 3914 Ad
291 3865 440 3928 Virgilium,
456 3866 528 3926 Gen,
545 3867 592 3915 lib.
606 3867 626 3927 l,
642 3883 665 3921 r,
682 3883 744 3916 cxx.

210 3946 221 3982 ²
237 3946 265 3995 C.
283 3961 309 3994 11.

210 4027 222 4061 ³
236 4029 265 4075 ln
279 4027 352 4074 XXX
367 4028 502 4089 Tyrannis.
514 4055 545 4064 —
559 4027 723 4086 AEmilianns,
734 4044 757 4078 c.
771 4045 828 4078 xm.

210 4109 221 4143 ⁴
237 4109 265 4156 ln
280 4107 308 4158 L.
325 4106 397 4170 Calp.
414 4109 543 4168 Pisonem,
558 4124 582 4158 3.
598 4124 654 4158 xxi.

210 4187 221 4221 ⁵
237 4187 346 4250 Apolog.
363 4187 483 4236 adversus
498 4188 628 4236 Rufinum.

211 4267 222 4303 ⁶
236 4267 275 4325 De
288 4268 431 4325 Senectute,
448 4283 469 4317 o.
484 4282 521 4316 xr.
538 4294 569 4306 -
584 4268 687 4336 Brutus,
703 4285 724 4318 c.
739 4283 816 4322 xxrv.
