<?xml version="1.0" encoding="UTF-8"?>
<!DOCTYPE html PUBLIC "-//W3C//DTD XHTML 1.0 Transitional//EN"
    "http://www.w3.org/TR/xhtml1/DTD/xhtml1-transitional.dtd">
<html xmlns="http://www.w3.org/1999/xhtml" xml:lang="en" lang="en">
 <head>
  <title>
</title>
<meta http-equiv="Content-Type" content="text/html;charset=utf-8" />
  <meta name='ocr-system' content='tesseract 3.04.00' />
  <meta name='ocr-capabilities' content='ocr_page ocr_carea ocr_par ocr_line ocrx_word'/>
</head>
<body>
  <div class='ocr_page' id='page_1' title='image "./demarcitulliici00beligoog_0024.png"; bbox 0 0 3070 4950; ppageno 0'>
   <div class='ocr_carea' id='block_1_1' title="bbox 432 386 1235 471">
    <p class='ocr_par' dir='ltr' id='par_1_1' title="bbox 432 386 1235 471">
     <span class='ocr_line' id='line_1_1' title="bbox 432 386 1235 471; baseline -0.01 -1"><span class='ocrx_word' id='word_1_1' title='bbox 432 386 584 471; x_wconf 74' lang='lat' dir='ltr'>onnrro</span> <span class='ocrx_word' id='word_1_2' title='bbox 604 389 681 471; x_wconf 70' lang='lat' dir='ltr'>nno</span> <span class='ocrx_word' id='word_1_3' title='bbox 701 417 742 470; x_wconf 85' lang='lat' dir='ltr'>u.</span> <span class='ocrx_word' id='word_1_4' title='bbox 760 417 917 468; x_wconf 79' lang='lat' dir='ltr'>roccio.</span> <span class='ocrx_word' id='word_1_5' title='bbox 939 417 968 465; x_wconf 88' lang='lat'>11</span> <span class='ocrx_word' id='word_1_6' title='bbox 1220 413 1235 462; x_wconf 81' lang='lat' dir='ltr'>a</span> 
     </span>
    </p>
   </div>
   <div class='ocr_carea' id='block_1_2' title="bbox 129 536 1309 3188">
    <p class='ocr_par' dir='ltr' id='par_1_2' title="bbox 161 536 1309 1098">
     <span class='ocr_line' id='line_1_2' title="bbox 167 536 1233 637; baseline -0.007 -25"><span class='ocrx_word' id='word_1_7' title='bbox 167 541 219 612; x_wconf 85' lang='lat' dir='ltr'>Ad</span> <span class='ocrx_word' id='word_1_8' title='bbox 238 539 326 630; x_wconf 84' lang='lat' dir='ltr'>haec,</span> <span class='ocrx_word' id='word_1_9' title='bbox 345 564 414 612; x_wconf 94' lang='lat' dir='ltr'>non</span> <span class='ocrx_word' id='word_1_10' title='bbox 433 540 529 611; x_wconf 89' lang='lat' dir='ltr'>rudis</span> <span class='ocrx_word' id='word_1_11' title='bbox 545 551 650 637; x_wconf 88' lang='lat' dir='ltr'>atque</span> <span class='ocrx_word' id='word_1_12' title='bbox 667 541 874 634; x_wconf 67' lang='lat' dir='ltr'>imparatus</span> <span class='ocrx_word' id='word_1_13' title='bbox 895 562 966 609; x_wconf 93' lang='lat' dir='ltr'>non</span> <span class='ocrx_word' id='word_1_14' title='bbox 979 537 1145 630; x_wconf 83' lang='lat' dir='ltr'>hesterna</span> <span class='ocrx_word' id='word_1_15' title='bbox 1158 536 1233 606; x_wconf 90' lang='lat' dir='ltr'>dis-</span> 
     </span>
     <span class='ocr_line' id='line_1_3' title="bbox 167 653 1233 751; baseline -0.004 -25"><span class='ocrx_word' id='word_1_16' title='bbox 167 656 297 751; x_wconf 86' lang='lat' dir='ltr'>ciplina</span> <span class='ocrx_word' id='word_1_17' title='bbox 320 655 487 745; x_wconf 86' lang='lat' dir='ltr'>imbutus,</span> <span class='ocrx_word' id='word_1_18' title='bbox 511 657 556 728; x_wconf 87' lang='lat' dir='ltr'>ad</span> <span class='ocrx_word' id='word_1_19' title='bbox 575 657 758 727; x_wconf 86' lang='lat' dir='ltr'>dicendum</span> <span class='ocrx_word' id='word_1_20' title='bbox 786 655 1080 748; x_wconf 82' lang='lat' dir='ltr'>aggrediebatur;</span> <span class='ocrx_word' id='word_1_21' title='bbox 1103 653 1177 740; x_wconf 88' lang='lat' dir='ltr'>sed,</span> <span class='ocrx_word' id='word_1_22' title='bbox 1197 653 1233 722; x_wconf 91' lang='lat' dir='ltr'>in</span> 
     </span>
     <span class='ocr_line' id='line_1_4' title="bbox 161 771 1234 868; baseline -0.004 -25"><span class='ocrx_word' id='word_1_23' title='bbox 161 774 244 866; x_wconf 83' lang='lat' dir='ltr'>jure</span> <span class='ocrx_word' id='word_1_24' title='bbox 277 771 371 842; x_wconf 89' lang='lat' dir='ltr'>civili</span> <span class='ocrx_word' id='word_1_25' title='bbox 397 772 604 863; x_wconf 87' lang='lat' dir='ltr'>instructus,</span> <span class='ocrx_word' id='word_1_26' title='bbox 643 774 875 868; x_wconf 86' lang='lat' dir='ltr'>eloquentiam</span> <span class='ocrx_word' id='word_1_27' title='bbox 907 771 1234 866; x_wconf 85' lang='lat' dir='ltr'>jurisperitissimus</span> 
     </span>
     <span class='ocr_line' id='line_1_5' title="bbox 167 887 1234 984; baseline -0.005 -24"><span class='ocrx_word' id='word_1_28' title='bbox 167 898 304 960; x_wconf 85' lang='lat' dir='ltr'>mature</span> <span class='ocrx_word' id='word_1_29' title='bbox 323 897 465 981; x_wconf 85' lang='lat' dir='ltr'>putatus</span> <span class='ocrx_word' id='word_1_30' title='bbox 483 898 547 961; x_wconf 83' lang='lat' dir='ltr'>est.</span> <span class='ocrx_word' id='word_1_31' title='bbox 565 889 664 972; x_wconf 86' lang='lat' dir='ltr'>Quod</span> <span class='ocrx_word' id='word_1_32' title='bbox 678 889 818 984; x_wconf 86' lang='lat' dir='ltr'>quidem</span> <span class='ocrx_word' id='word_1_33' title='bbox 833 889 957 984; x_wconf 89' lang='lat' dir='ltr'>probat</span> <span class='ocrx_word' id='word_1_34' title='bbox 974 912 1044 960; x_wconf 94' lang='lat' dir='ltr'>non</span> <span class='ocrx_word' id='word_1_35' title='bbox 1063 887 1176 958; x_wconf 90' lang='lat' dir='ltr'>solum</span> <span class='ocrx_word' id='word_1_36' title='bbox 1194 906 1234 956; x_wconf 87' lang='lat' dir='ltr'>ea</span> 
     </span>
     <span class='ocr_line' id='line_1_6' title="bbox 167 998 1309 1098; baseline -0.004 -25"><span class='ocrx_word' id='word_1_37' title='bbox 167 1025 230 1098; x_wconf 92' lang='lat' dir='ltr'>pro</span> <span class='ocrx_word' id='word_1_38' title='bbox 245 1003 384 1075; x_wconf 82' lang='lat' dir='ltr'>Caecina</span> <span class='ocrx_word' id='word_1_39' title='bbox 394 1017 511 1094; x_wconf 86' lang='lat' dir='ltr'>causa,</span> <span class='ocrx_word' id='word_1_40' title='bbox 526 1027 594 1098; x_wconf 89' lang='lat' dir='ltr'>qua</span> <span class='ocrx_word' id='word_1_41' title='bbox 603 1003 766 1076; x_wconf 85' lang='lat' dir='ltr'>subtilius</span> <span class='ocrx_word' id='word_1_42' title='bbox 782 1023 838 1076; x_wconf 88' lang='lat' dir='ltr'>res</span> <span class='ocrx_word' id='word_1_43' title='bbox 851 1004 1027 1076; x_wconf 84' lang='lat' dir='ltr'>involutas</span> <span class='ocrx_word' id='word_1_44' title='bbox 1037 998 1234 1074; x_wconf 82' lang='lat' dir='ltr'>definiendo</span> <span class='ocrx_word' id='word_1_45' title='bbox 1304 1001 1309 1010; x_wconf 83' lang='grc'><strong>’</strong></span> 
     </span>
    </p>

    <p class='ocr_par' dir='ltr' id='par_1_3' title="bbox 129 1115 1236 2350">
     <span class='ocr_line' id='line_1_7' title="bbox 168 1115 1231 1213; baseline -0.008 -21"><span class='ocrx_word' id='word_1_46' title='bbox 168 1119 372 1212; x_wconf 81' lang='lat' dir='ltr'>explicavit,</span> <span class='ocrx_word' id='word_1_47' title='bbox 406 1119 599 1192; x_wconf 83' lang='lat' dir='ltr'>sedetiam</span> <span class='ocrx_word' id='word_1_48' title='bbox 626 1143 689 1213; x_wconf 90' lang='lat' dir='ltr'>pro</span> <span class='ocrx_word' id='word_1_49' title='bbox 717 1121 768 1191; x_wconf 91' lang='lat' dir='ltr'>M.</span> <span class='ocrx_word' id='word_1_50' title='bbox 792 1115 911 1191; x_wconf 82' lang='lat' dir='ltr'>Tullio</span> <span class='ocrx_word' id='word_1_51' title='bbox 940 1119 1094 1190; x_wconf 88' lang='lat' dir='ltr'>secunda</span> <span class='ocrx_word' id='word_1_52' title='bbox 1120 1115 1231 1199; x_wconf 86' lang='lat' dir='ltr'>actio,</span> 
     </span>
     <span class='ocr_line' id='line_1_8' title="bbox 129 1217 1236 1332; baseline -0.005 -25"><span class='ocrx_word' id='word_1_53' title='bbox 129 1217 131 1224; x_wconf 45' lang='grc'><em>’</em></span> <span class='ocrx_word' id='word_1_54' title='bbox 168 1257 282 1332; x_wconf 87' lang='lat' dir='ltr'>quarn,</span> <span class='ocrx_word' id='word_1_55' title='bbox 296 1245 371 1307; x_wconf 90' lang='lat' dir='ltr'>octo</span> <span class='ocrx_word' id='word_1_56' title='bbox 389 1237 490 1308; x_wconf 87' lang='lat' dir='ltr'>annis</span> <span class='ocrx_word' id='word_1_57' title='bbox 507 1245 600 1324; x_wconf 89' lang='lat' dir='ltr'>ante,</span> <span class='ocrx_word' id='word_1_58' title='bbox 620 1236 718 1331; x_wconf 86' lang='lat' dir='ltr'>Sylla</span> <span class='ocrx_word' id='word_1_59' title='bbox 736 1245 886 1325; x_wconf 88' lang='lat' dir='ltr'>mortuo,</span> <span class='ocrx_word' id='word_1_60' title='bbox 904 1258 1009 1330; x_wconf 90' lang='lat' dir='ltr'>quum</span> <span class='ocrx_word' id='word_1_61' title='bbox 1022 1243 1236 1329; x_wconf 76' lang='lat' dir='ltr'>quaesturam</span> 
     </span>
     <span class='ocr_line' id='line_1_9' title="bbox 167 1352 1234 1448; baseline -0.007 -24"><span class='ocrx_word' id='word_1_62' title='bbox 167 1360 312 1445; x_wconf 87' lang='lat' dir='ltr'>peteret,</span> <span class='ocrx_word' id='word_1_63' title='bbox 334 1352 469 1439; x_wconf 87' lang='lat' dir='ltr'>habuit,</span> <span class='ocrx_word' id='word_1_64' title='bbox 486 1373 622 1447; x_wconf 87' lang='lat' dir='ltr'>quaque</span> <span class='ocrx_word' id='word_1_65' title='bbox 639 1352 820 1448; x_wconf 87' lang='lat' dir='ltr'>judicium,</span> <span class='ocrx_word' id='word_1_66' title='bbox 839 1353 1062 1446; x_wconf 71' lang='lat' dir='ltr'>prudentiam</span> <span class='ocrx_word' id='word_1_67' title='bbox 1084 1357 1118 1420; x_wconf 89' lang='lat' dir='ltr'>et</span> <span class='ocrx_word' id='word_1_68' title='bbox 1137 1369 1234 1442; x_wconf 86' lang='lat' dir='ltr'>prce-</span> 
     </span>
     <span class='ocr_line' id='line_1_10' title="bbox 167 1463 1235 1562; baseline -0.007 -22"><span class='ocrx_word' id='word_1_69' title='bbox 167 1467 299 1540; x_wconf 87' lang='lat' dir='ltr'>claram</span> <span class='ocrx_word' id='word_1_70' title='bbox 319 1467 550 1540; x_wconf 85' lang='lat' dir='ltr'>eruditionem</span> <span class='ocrx_word' id='word_1_71' title='bbox 570 1490 670 1539; x_wconf 86' lang='lat' dir='ltr'>suam</span> <span class='ocrx_word' id='word_1_72' title='bbox 689 1469 725 1539; x_wconf 91' lang='lat' dir='ltr'>in</span> <span class='ocrx_word' id='word_1_73' title='bbox 743 1469 821 1540; x_wconf 88' lang='lat' dir='ltr'>luce</span> <span class='ocrx_word' id='word_1_74' title='bbox 838 1470 954 1539; x_wconf 88' lang='lat' dir='ltr'>statim</span> <span class='ocrx_word' id='word_1_75' title='bbox 969 1465 1096 1562; x_wconf 81' lang='lat' dir='ltr'>posuit.</span> <span class='ocrx_word' id='word_1_76' title='bbox 1112 1463 1235 1558; x_wconf 83' lang='lat' dir='ltr'>Neque</span> 
     </span>
     <span class='ocr_line' id='line_1_11' title="bbox 165 1581 1232 1680; baseline -0.007 -24"><span class='ocrx_word' id='word_1_77' title='bbox 165 1586 242 1673; x_wconf 91' lang='lat' dir='ltr'>hoc,</span> <span class='ocrx_word' id='word_1_78' title='bbox 261 1586 343 1680; x_wconf 93' lang='lat' dir='ltr'>quia</span> <span class='ocrx_word' id='word_1_79' title='bbox 361 1581 471 1655; x_wconf 89' lang='lat' dir='ltr'>fando</span> <span class='ocrx_word' id='word_1_80' title='bbox 489 1584 647 1656; x_wconf 87' lang='lat' dir='ltr'>auditum</span> <span class='ocrx_word' id='word_1_81' title='bbox 672 1591 735 1670; x_wconf 87' lang='lat' dir='ltr'>est,</span> <span class='ocrx_word' id='word_1_82' title='bbox 759 1581 977 1656; x_wconf 86' lang='lat' dir='ltr'>affirmamus</span> <span class='ocrx_word' id='word_1_83' title='bbox 995 1605 1036 1654; x_wconf 90' lang='lat' dir='ltr'>ac</span> <span class='ocrx_word' id='word_1_84' title='bbox 1050 1591 1208 1654; x_wconf 88' lang='lat' dir='ltr'>tenemus</span> <span class='ocrx_word' id='word_1_85' title='bbox 1223 1607 1232 1664; x_wconf 77' lang='lat'><em>3</em></span> 
     </span>
     <span class='ocr_line' id='line_1_12' title="bbox 168 1694 1234 1794; baseline -0.005 -25"><span class='ocrx_word' id='word_1_86' title='bbox 168 1701 229 1772; x_wconf 78' lang='lat' dir='ltr'>sed</span> <span class='ocrx_word' id='word_1_87' title='bbox 250 1710 366 1771; x_wconf 82' lang='lat' dir='ltr'>noster</span> <span class='ocrx_word' id='word_1_88' title='bbox 382 1700 438 1769; x_wconf 92' lang='lat' dir='ltr'>vir</span> <span class='ocrx_word' id='word_1_89' title='bbox 452 1699 671 1772; x_wconf 86' lang='lat' dir='ltr'>doctissimus</span> <span class='ocrx_word' id='word_1_90' title='bbox 688 1700 874 1772; x_wconf 85' lang='lat' dir='ltr'>Amedaeus</span> <span class='ocrx_word' id='word_1_91' title='bbox 889 1701 1030 1794; x_wconf 87' lang='lat' dir='ltr'>Peyron</span> <span class='ocrx_word' id='word_1_92' title='bbox 1048 1698 1171 1790; x_wconf 80' lang='lat' dir='ltr'>ignota</span> <span class='ocrx_word' id='word_1_93' title='bbox 1189 1694 1234 1766; x_wconf 87' lang='lat' dir='ltr'>ad</span> 
     </span>
     <span class='ocr_line' id='line_1_13' title="bbox 166 1811 1234 1910; baseline -0.007 -22"><span class='ocrx_word' id='word_1_94' title='bbox 166 1818 257 1888; x_wconf 91' lang='lat' dir='ltr'>hanc</span> <span class='ocrx_word' id='word_1_95' title='bbox 278 1817 371 1886; x_wconf 85' lang='lat' dir='ltr'>diern</span> <span class='ocrx_word' id='word_1_96' title='bbox 395 1813 596 1908; x_wconf 81' lang='lat' dir='ltr'>fragmenta</span> <span class='ocrx_word' id='word_1_97' title='bbox 614 1816 701 1888; x_wconf 89' lang='lat' dir='ltr'>adeo</span> <span class='ocrx_word' id='word_1_98' title='bbox 726 1817 839 1910; x_wconf 87' lang='lat' dir='ltr'>ampla</span> <span class='ocrx_word' id='word_1_99' title='bbox 858 1815 996 1905; x_wconf 85' lang='lat' dir='ltr'>extulit,</span> <span class='ocrx_word' id='word_1_100' title='bbox 1023 1822 1062 1884; x_wconf 85' lang='lat' dir='ltr'>ut</span> <span class='ocrx_word' id='word_1_101' title='bbox 1087 1823 1121 1884; x_wconf 86' lang='lat' dir='ltr'>et</span> <span class='ocrx_word' id='word_1_102' title='bbox 1143 1811 1234 1906; x_wconf 91' lang='lat' dir='ltr'>quod</span> 
     </span>
     <span class='ocr_line' id='line_1_14' title="bbox 167 1923 1234 2027; baseline -0.003 -25"><span class='ocrx_word' id='word_1_103' title='bbox 167 1932 315 2004; x_wconf 85' lang='lat' dir='ltr'>dicendi·</span> <span class='ocrx_word' id='word_1_104' title='bbox 330 1953 443 2024; x_wconf 82' lang='lat' dir='ltr'>genus</span> <span class='ocrx_word' id='word_1_105' title='bbox 470 1931 648 2003; x_wconf 84' lang='lat' dir='ltr'>Ciceronis</span> <span class='ocrx_word' id='word_1_106' title='bbox 667 1931 788 2020; x_wconf 83' lang='lat' dir='ltr'>fuerit,</span> <span class='ocrx_word' id='word_1_107' title='bbox 812 1943 847 2006; x_wconf 84' lang='lat' dir='ltr'>et</span> <span class='ocrx_word' id='word_1_108' title='bbox 872 1923 1042 2027; x_wconf 88' lang='lat' dir='ltr'>quomodo</span> <span class='ocrx_word' id='word_1_109' title='bbox 1062 1931 1234 2002; x_wconf 80' lang='lat' dir='ltr'>adversa-</span> 
     </span>
     <span class='ocr_line' id='line_1_15' title="bbox 168 2046 1235 2142; baseline -0.003 -25"><span class='ocrx_word' id='word_1_110' title='bbox 168 2049 241 2118; x_wconf 89' lang='lat' dir='ltr'>rius</span> <span class='ocrx_word' id='word_1_111' title='bbox 259 2070 400 2120; x_wconf 86' lang='lat' dir='ltr'>oausam</span> <span class='ocrx_word' id='word_1_112' title='bbox 415 2068 512 2118; x_wconf 86' lang='lat' dir='ltr'>suam</span> <span class='ocrx_word' id='word_1_113' title='bbox 525 2048 760 2122; x_wconf 88' lang='lat' dir='ltr'>constituisset</span> <span class='ocrx_word' id='word_1_114' title='bbox 776 2071 816 2121; x_wconf 88' lang='lat' dir='ltr'>ac</span> <span class='ocrx_word' id='word_1_115' title='bbox 826 2057 1036 2142; x_wconf 81' lang='lat' dir='ltr'>perorasset,</span> <span class='ocrx_word' id='word_1_116' title='bbox 1052 2046 1235 2139; x_wconf 85' lang='lat' dir='ltr'>soirepos-</span> 
     </span>
     <span class='ocr_line' id='line_1_16' title="bbox 166 2157 1234 2258; baseline -0.004 -25"><span class='ocrx_word' id='word_1_117' title='bbox 166 2164 306 2234; x_wconf 86' lang='lat' dir='ltr'>simus:</span> <span class='ocrx_word' id='word_1_118' title='bbox 333 2162 522 2258; x_wconf 87' lang='lat' dir='ltr'>dequibus</span> <span class='ocrx_word' id='word_1_119' title='bbox 549 2185 612 2235; x_wconf 87' lang='lat' dir='ltr'>nos</span> <span class='ocrx_word' id='word_1_120' title='bbox 639 2157 812 2237; x_wconf 81' lang='lat' dir='ltr'>disserere</span> <span class='ocrx_word' id='word_1_121' title='bbox 832 2187 937 2252; x_wconf 89' lang='lat' dir='ltr'>nuno,</span> <span class='ocrx_word' id='word_1_122' title='bbox 962 2162 1078 2250; x_wconf 86' lang='lat' dir='ltr'>credo,</span> <span class='ocrx_word' id='word_1_123' title='bbox 1096 2171 1234 2253; x_wconf 87' lang='lat' dir='ltr'>ternpus</span> 
     </span>
     <span class='ocr_line' id='line_1_17' title="bbox 167 2289 1076 2350; baseline -0.002 0"><span class='ocrx_word' id='word_1_124' title='bbox 167 2289 232 2350; x_wconf 88' lang='lat' dir='ltr'>est.</span> <span class='ocrx_word' id='word_1_125' title='bbox 1074 2345 1076 2348; x_wconf 83' lang='grc'><em>,</em></span> 
     </span>
    </p>

    <p class='ocr_par' dir='ltr' id='par_1_4' title="bbox 166 2396 1235 3188">
     <span class='ocr_line' id='line_1_18' title="bbox 216 2396 1233 2492; baseline -0.003 -26"><span class='ocrx_word' id='word_1_126' title='bbox 216 2397 257 2468; x_wconf 90' lang='grc' dir='ltr'>Ρ.</span> <span class='ocrx_word' id='word_1_127' title='bbox 276 2396 421 2485; x_wconf 69' lang='lat' dir='ltr'>Fabius</span> <span class='ocrx_word' id='word_1_128' title='bbox 437 2397 570 2468; x_wconf 72' lang='lat' dir='ltr'>militiae</span> <span class='ocrx_word' id='word_1_129' title='bbox 582 2419 727 2469; x_wconf 86' lang='lat' dir='ltr'>munere</span> <span class='ocrx_word' id='word_1_130' title='bbox 740 2396 957 2492; x_wconf 83' lang='lat' dir='ltr'>perfunctus,</span> <span class='ocrx_word' id='word_1_131' title='bbox 974 2418 1077 2492; x_wconf 85' lang='lat' dir='ltr'>quum</span> <span class='ocrx_word' id='word_1_132' title='bbox 1091 2398 1233 2488; x_wconf 77' lang='lat' dir='ltr'>inprae-</span> 
     </span>
     <span class='ocr_line' id='line_1_19' title="bbox 166 2508 1232 2607; baseline -0.002 -25"><span class='ocrx_word' id='word_1_133' title='bbox 166 2511 223 2583; x_wconf 93' lang='lat' dir='ltr'>dio</span> <span class='ocrx_word' id='word_1_134' title='bbox 237 2513 416 2607; x_wconf 84' lang='lat' dir='ltr'>quaesitam</span> <span class='ocrx_word' id='word_1_135' title='bbox 431 2514 615 2607; x_wconf 83' lang='lat' dir='ltr'>pecuniam</span> <span class='ocrx_word' id='word_1_136' title='bbox 634 2535 765 2607; x_wconf 88' lang='lat' dir='ltr'>ponere</span> <span class='ocrx_word' id='word_1_137' title='bbox 784 2513 903 2605; x_wconf 85' lang='lat' dir='ltr'>vellet,</span> <span class='ocrx_word' id='word_1_138' title='bbox 925 2511 1087 2602; x_wconf 76' lang='lat' dir='ltr'>fundum,</span> <span class='ocrx_word' id='word_1_139' title='bbox 1104 2513 1159 2582; x_wconf 91' lang='lat' dir='ltr'>oui</span> <span class='ocrx_word' id='word_1_140' title='bbox 1174 2508 1232 2583; x_wconf 81' lang='lat' dir='ltr'>af-</span> 
     </span>
     <span class='ocr_line' id='line_1_20' title="bbox 166 2628 1221 2724; baseline -0.002 -26"><span class='ocrx_word' id='word_1_141' title='bbox 166 2628 249 2698; x_wconf 86' lang='lat' dir='ltr'>finis</span> <span class='ocrx_word' id='word_1_142' title='bbox 265 2635 339 2700; x_wconf 85' lang='lat' dir='ltr'>erat</span> <span class='ocrx_word' id='word_1_143' title='bbox 359 2629 408 2700; x_wconf 88' lang='lat' dir='ltr'>M.</span> <span class='ocrx_word' id='word_1_144' title='bbox 432 2629 588 2720; x_wconf 85' lang='lat' dir='ltr'>Tullius,</span> <span class='ocrx_word' id='word_1_145' title='bbox 609 2638 764 2722; x_wconf 81' lang='lat' dir='ltr'>emerat3</span> <span class='ocrx_word' id='word_1_146' title='bbox 788 2651 962 2724; x_wconf 82' lang='lat' dir='ltr'>quumque</span> <span class='ocrx_word' id='word_1_147' title='bbox 979 2629 1016 2699; x_wconf 91' lang='lat' dir='ltr'>in</span> <span class='ocrx_word' id='word_1_148' title='bbox 1034 2645 1221 2720; x_wconf 76' lang='lat' dir='ltr'>agrooen-</span> 
     </span>
     <span class='ocr_line' id='line_1_21' title="bbox 167 2744 1231 2841; baseline -0.002 -25"><span class='ocrx_word' id='word_1_149' title='bbox 167 2746 308 2835; x_wconf 87' lang='lat' dir='ltr'>turiam,</span> <span class='ocrx_word' id='word_1_150' title='bbox 329 2769 407 2839; x_wconf 85' lang='lat' dir='ltr'>quae</span> <span class='ocrx_word' id='word_1_151' title='bbox 430 2747 626 2841; x_wconf 81' lang='lat' dir='ltr'>Populiana</span> <span class='ocrx_word' id='word_1_152' title='bbox 643 2748 821 2819; x_wconf 87' lang='lat' dir='ltr'>nominata</span> <span class='ocrx_word' id='word_1_153' title='bbox 840 2745 996 2840; x_wconf 87' lang='lat' dir='ltr'>ejusdem</span> <span class='ocrx_word' id='word_1_154' title='bbox 1013 2744 1120 2814; x_wconf 82' lang='lat' dir='ltr'>Tullii</span> <span class='ocrx_word' id='word_1_155' title='bbox 1142 2751 1231 2831; x_wconf 89' lang='lat' dir='ltr'>erat,</span> 
     </span>
     <span class='ocr_line' id='line_1_22' title="bbox 167 2859 1232 2947; baseline -0.003 -16"><span class='ocrx_word' id='word_1_156' title='bbox 167 2861 211 2931; x_wconf 90' lang='lat' dir='ltr'>ad</span> <span class='ocrx_word' id='word_1_157' title='bbox 233 2885 336 2932; x_wconf 90' lang='lat' dir='ltr'>suum</span> <span class='ocrx_word' id='word_1_158' title='bbox 353 2859 502 2933; x_wconf 87' lang='lat' dir='ltr'>fundum</span> <span class='ocrx_word' id='word_1_159' title='bbox 519 2863 713 2936; x_wconf 87' lang='lat' dir='ltr'>convenire</span> <span class='ocrx_word' id='word_1_160' title='bbox 740 2862 1058 2947; x_wconf 72' lang='lat' dir='ltr'>animadvertisset,</span> <span class='ocrx_word' id='word_1_161' title='bbox 1077 2860 1232 2930; x_wconf 83' lang='lat' dir='ltr'>advoca-</span> 
     </span>
     <span class='ocr_line' id='line_1_23' title="bbox 167 2973 1234 3073; baseline 0.002 -27"><span class='ocrx_word' id='word_1_162' title='bbox 167 2978 210 3047; x_wconf 87' lang='lat' dir='ltr'>tis</span> <span class='ocrx_word' id='word_1_163' title='bbox 229 2977 390 3064; x_wconf 90' lang='lat' dir='ltr'>testibus,</span> <span class='ocrx_word' id='word_1_164' title='bbox 421 2981 626 3073; x_wconf 82' lang='lat' dir='ltr'>experiundi</span> <span class='ocrx_word' id='word_1_165' title='bbox 639 2980 732 3072; x_wconf 88' lang='lat' dir='ltr'>juris</span> <span class='ocrx_word' id='word_1_166' title='bbox 752 2973 881 3072; x_wconf 81' lang='lat' dir='ltr'>gratia,</span> <span class='ocrx_word' id='word_1_167' title='bbox 904 2978 1058 3048; x_wconf 90' lang='lat' dir='ltr'>vicinum</span> <span class='ocrx_word' id='word_1_168' title='bbox 1076 2975 1234 3070; x_wconf 82' lang='lat' dir='ltr'>appella-</span> 
     </span>
     <span class='ocr_line' id='line_1_24' title="bbox 168 3093 1235 3188; baseline 0.001 -27"><span class='ocrx_word' id='word_1_169' title='bbox 168 3101 236 3181; x_wconf 80' lang='lat' dir='ltr'>rat,</span> <span class='ocrx_word' id='word_1_170' title='bbox 252 3102 292 3163; x_wconf 85' lang='lat' dir='ltr'>ut</span> <span class='ocrx_word' id='word_1_171' title='bbox 307 3102 367 3164; x_wconf 89' lang='lat' dir='ltr'>aut</span> <span class='ocrx_word' id='word_1_172' title='bbox 385 3094 460 3188; x_wconf 84' lang='lat' dir='ltr'>ipse</span> <span class='ocrx_word' id='word_1_173' title='bbox 480 3093 639 3166; x_wconf 87' lang='lat' dir='ltr'>Tullium</span> <span class='ocrx_word' id='word_1_174' title='bbox 656 3096 841 3168; x_wconf 82' lang='lat' dir='ltr'>deduceret</span> <span class='ocrx_word' id='word_1_175' title='bbox 857 3106 918 3166; x_wconf 92' lang='lat' dir='ltr'>aut</span> <span class='ocrx_word' id='word_1_176' title='bbox 933 3093 977 3166; x_wconf 84' lang='lat' dir='ltr'>ab</span> <span class='ocrx_word' id='word_1_177' title='bbox 991 3108 1032 3167; x_wconf 85' lang='lat' dir='ltr'>eo</span> <span class='ocrx_word' id='word_1_178' title='bbox 1044 3093 1235 3166; x_wconf 85' lang='lat' dir='ltr'>deducere-</span> 
     </span>
    </p>
   </div>
   <div class='ocr_carea' id='block_1_3' title="bbox 167 3173 1388 3304">
    <p class='ocr_par' dir='ltr' id='par_1_5' title="bbox 167 3173 1388 3304">
     <span class='ocr_line' id='line_1_25' title="bbox 167 3173 1388 3304; baseline 0.002 -24"><span class='ocrx_word' id='word_1_179' title='bbox 167 3220 236 3280; x_wconf 90' lang='lat' dir='ltr'>tur.</span> <span class='ocrx_word' id='word_1_180' title='bbox 255 3209 312 3298; x_wconf 84' lang='lat' dir='ltr'>At,</span> <span class='ocrx_word' id='word_1_181' title='bbox 327 3232 432 3304; x_wconf 86' lang='lat' dir='ltr'>quum</span> <span class='ocrx_word' id='word_1_182' title='bbox 447 3233 485 3282; x_wconf 89' lang='lat' dir='ltr'>se</span> <span class='ocrx_word' id='word_1_183' title='bbox 502 3211 733 3284; x_wconf 88' lang='lat' dir='ltr'>deducturum</span> <span class='ocrx_word' id='word_1_184' title='bbox 748 3211 894 3282; x_wconf 86' lang='lat' dir='ltr'>dixisset</span> <span class='ocrx_word' id='word_1_185' title='bbox 908 3211 1061 3298; x_wconf 85' lang='lat' dir='ltr'>Tullius,</span> <span class='ocrx_word' id='word_1_186' title='bbox 1076 3209 1234 3304; x_wconf 88' lang='lat' dir='ltr'>proxima</span> <span class='ocrx_word' id='word_1_187' title='bbox 1343 3284 1345 3289; x_wconf 79' lang='grc'>,</span> <span class='ocrx_word' id='word_1_188' title='bbox 1382 3173 1388 3182; x_wconf 28' lang='lat'><strong>⁴</strong></span> 
     </span>
    </p>
   </div>
   <div class='ocr_carea' id='block_1_4' title="bbox 162 3325 1277 4354">
    <p class='ocr_par' dir='ltr' id='par_1_6' title="bbox 162 3325 1236 3768">
     <span class='ocr_line' id='line_1_26' title="bbox 167 3325 1233 3420; baseline 0.001 -26"><span class='ocrx_word' id='word_1_189' title='bbox 167 3325 246 3397; x_wconf 88' lang='lat' dir='ltr'>luce</span> <span class='ocrx_word' id='word_1_190' title='bbox 264 3328 576 3420; x_wconf 86' lang='lat' dir='ltr'>appropinquante,</span> <span class='ocrx_word' id='word_1_191' title='bbox 594 3329 688 3408; x_wconf 88' lang='lat' dir='ltr'>servi</span> <span class='ocrx_word' id='word_1_192' title='bbox 705 3330 744 3398; x_wconf 87' lang='lat' dir='ltr'>P.</span> <span class='ocrx_word' id='word_1_193' title='bbox 761 3328 860 3398; x_wconf 86' lang='lat' dir='ltr'>Fabii</span> <span class='ocrx_word' id='word_1_194' title='bbox 876 3351 945 3398; x_wconf 94' lang='lat' dir='ltr'>non</span> <span class='ocrx_word' id='word_1_195' title='bbox 960 3347 1128 3419; x_wconf 76' lang='lat' dir='ltr'>magnum</span> <span class='ocrx_word' id='word_1_196' title='bbox 1143 3325 1233 3396; x_wconf 84' lang='lat' dir='ltr'>aedi-</span> 
     </span>
     <span class='ocr_line' id='line_1_27' title="bbox 166 3441 1234 3537; baseline 0 -24"><span class='ocrx_word' id='word_1_197' title='bbox 166 3443 283 3513; x_wconf 89' lang='lat' dir='ltr'>ficium</span> <span class='ocrx_word' id='word_1_198' title='bbox 301 3444 339 3513; x_wconf 91' lang='lat' dir='ltr'>in</span> <span class='ocrx_word' id='word_1_199' title='bbox 357 3441 516 3513; x_wconf 89' lang='lat' dir='ltr'>centuria</span> <span class='ocrx_word' id='word_1_200' title='bbox 537 3451 751 3514; x_wconf 87' lang='lat' dir='ltr'>exstructum</span> <span class='ocrx_word' id='word_1_201' title='bbox 773 3443 1015 3515; x_wconf 87' lang='lat' dir='ltr'>disturbarunt</span> <span class='ocrx_word' id='word_1_202' title='bbox 1037 3452 1141 3537; x_wconf 87' lang='lat' dir='ltr'>atquo</span> <span class='ocrx_word' id='word_1_203' title='bbox 1166 3441 1234 3513; x_wconf 93' lang='lat' dir='ltr'>ho-</span> 
     </span>
     <span class='ocr_line' id='line_1_28' title="bbox 165 3556 1232 3630; baseline -0.002 -2"><span class='ocrx_word' id='word_1_204' title='bbox 165 3559 278 3630; x_wconf 88' lang='lat' dir='ltr'>mines</span> <span class='ocrx_word' id='word_1_205' title='bbox 297 3581 420 3629; x_wconf 86' lang='lat' dir='ltr'>servos</span> <span class='ocrx_word' id='word_1_206' title='bbox 441 3559 491 3628; x_wconf 92' lang='lat' dir='ltr'>M.</span> <span class='ocrx_word' id='word_1_207' title='bbox 517 3557 628 3628; x_wconf 85' lang='lat' dir='ltr'>Tullii</span> <span class='ocrx_word' id='word_1_208' title='bbox 650 3557 841 3630; x_wconf 87' lang='lat' dir='ltr'>crudeliter</span> <span class='ocrx_word' id='word_1_209' title='bbox 861 3558 1073 3630; x_wconf 85' lang='lat' dir='ltr'>occiderunt.</span> <span class='ocrx_word' id='word_1_210' title='bbox 1095 3556 1181 3627; x_wconf 87' lang='lat' dir='ltr'>Inde</span> <span class='ocrx_word' id='word_1_211' title='bbox 1197 3556 1232 3626; x_wconf 93' lang='lat' dir='ltr'>in</span> 
     </span>
     <span class='ocr_line' id='line_1_29' title="bbox 162 3672 1236 3768; baseline -0.002 -24"><span class='ocrx_word' id='word_1_212' title='bbox 162 3673 505 3766; x_wconf 78' lang='lat' dir='ltr'>judicium,vocatus</span> <span class='ocrx_word' id='word_1_213' title='bbox 526 3682 578 3745; x_wconf 88' lang='lat' dir='ltr'>est</span> <span class='ocrx_word' id='word_1_214' title='bbox 595 3675 637 3744; x_wconf 89' lang='lat' dir='ltr'>P.</span> <span class='ocrx_word' id='word_1_215' title='bbox 659 3673 809 3764; x_wconf 86' lang='lat' dir='ltr'>Fabius;</span> <span class='ocrx_word' id='word_1_216' title='bbox 834 3684 879 3759; x_wconf 85' lang='lat' dir='ltr'>et,</span> <span class='ocrx_word' id='word_1_217' title='bbox 903 3674 996 3768; x_wconf 91' lang='lat' dir='ltr'>quia,</span> <span class='ocrx_word' id='word_1_218' title='bbox 1015 3672 1236 3745; x_wconf 82' lang='lat' dir='ltr'>testimonio·</span> 
     </span>
    </p>

    <p class='ocr_par' dir='ltr' id='par_1_7' title="bbox 164 3770 1277 4354">
     <span class='ocr_line' id='line_1_30' title="bbox 165 3770 1277 3883; baseline 0.001 -26"><span class='ocrx_word' id='word_1_219' title='bbox 165 3807 245 3860; x_wconf 88' lang='lat' dir='ltr'>runr</span> <span class='ocrx_word' id='word_1_220' title='bbox 262 3788 355 3858; x_wconf 91' lang='lat' dir='ltr'>mole</span> <span class='ocrx_word' id='word_1_221' title='bbox 369 3811 570 3882; x_wconf 85' lang='lat' dir='ltr'>oppressus,</span> <span class='ocrx_word' id='word_1_222' title='bbox 593 3791 708 3883; x_wconf 90' lang='lat' dir='ltr'>priore</span> <span class='ocrx_word' id='word_1_223' title='bbox 727 3791 864 3862; x_wconf 89' lang='lat' dir='ltr'>actione</span> <span class='ocrx_word' id='word_1_224' title='bbox 888 3787 1019 3860; x_wconf 85' lang='lat' dir='ltr'>fnrstra</span> <span class='ocrx_word' id='word_1_225' title='bbox 1041 3788 1233 3860; x_wconf 82' lang='lat' dir='ltr'>contende·</span> <span class='ocrx_word' id='word_1_226' title='bbox 1273 3770 1277 3781; x_wconf 51' lang='lat'>,</span> 
     </span>
     <span class='ocr_line' id='line_1_31' title="bbox 166 3899 1234 4000; baseline 0.002 -28"><span class='ocrx_word' id='word_1_227' title='bbox 166 3911 223 3974; x_wconf 87' lang='lat' dir='ltr'>rat</span> <span class='ocrx_word' id='word_1_228' title='bbox 246 3901 377 3973; x_wconf 83' lang='lat' dir='ltr'>caedem</span> <span class='ocrx_word' id='word_1_229' title='bbox 400 3903 445 3972; x_wconf 89' lang='lat' dir='ltr'>ad</span> <span class='ocrx_word' id='word_1_230' title='bbox 460 3899 631 3974; x_wconf 85' lang='lat' dir='ltr'>familiam</span> <span class='ocrx_word' id='word_1_231' title='bbox 657 3927 754 3974; x_wconf 79' lang='lat' dir='ltr'>suain</span> <span class='ocrx_word' id='word_1_232' title='bbox 781 3929 851 3976; x_wconf 95' lang='lat' dir='ltr'>non</span> <span class='ocrx_word' id='word_1_233' title='bbox 876 3907 1074 3999; x_wconf 84' lang='lat' dir='ltr'>pertinere,</span> <span class='ocrx_word' id='word_1_234' title='bbox 1104 3928 1234 4000; x_wconf 90' lang='lat' dir='ltr'>novum</span> 
     </span>
     <span class='ocr_line' id='line_1_32' title="bbox 164 4015 1233 4114; baseline 0.001 -27"><span class='ocrx_word' id='word_1_235' title='bbox 164 4015 343 4110; x_wconf 84' lang='lat' dir='ltr'>refugium</span> <span class='ocrx_word' id='word_1_236' title='bbox 356 4017 533 4111; x_wconf 82' lang='lat' dir='ltr'>quaesivit,</span> <span class='ocrx_word' id='word_1_237' title='bbox 550 4026 656 4114; x_wconf 88' lang='lat' dir='ltr'>atque</span> <span class='ocrx_word' id='word_1_238' title='bbox 670 4018 859 4091; x_wconf 81' lang='lat' dir='ltr'>affirmavit</span> <span class='ocrx_word' id='word_1_239' title='bbox 870 4044 947 4093; x_wconf 89' lang='lat' dir='ltr'>earn</span> <span class='ocrx_word' id='word_1_240' title='bbox 965 4021 1125 4092; x_wconf 89' lang='lat' dir='ltr'>nondolo</span> <span class='ocrx_word' id='word_1_241' title='bbox 1141 4019 1233 4090; x_wconf 91' lang='lat' dir='ltr'>malo</span> 
     </span>
     <span class='ocr_line' id='line_1_33' title="bbox 165 4131 1234 4230; baseline 0.006 -28"><span class='ocrx_word' id='word_1_242' title='bbox 165 4133 225 4204; x_wconf 91' lang='lat' dir='ltr'>sed</span> <span class='ocrx_word' id='word_1_243' title='bbox 243 4131 386 4204; x_wconf 86' lang='lat' dir='ltr'>fortuna</span> <span class='ocrx_word' id='word_1_244' title='bbox 404 4133 533 4207; x_wconf 83' lang='lat' dir='ltr'>factam</span> <span class='ocrx_word' id='word_1_245' title='bbox 552 4158 629 4207; x_wconf 90' lang='lat' dir='ltr'>esse</span> <span class='ocrx_word' id='word_1_246' title='bbox 647 4160 655 4205; x_wconf 75' lang='grc' dir='ltr'><strong><em>ε</em></strong></span> <span class='ocrx_word' id='word_1_247' title='bbox 673 4136 791 4230; x_wconf 85' lang='lat' dir='ltr'>itaque</span> <span class='ocrx_word' id='word_1_248' title='bbox 811 4138 964 4208; x_wconf 87' lang='lat' dir='ltr'>secunda</span> <span class='ocrx_word' id='word_1_249' title='bbox 980 4139 1070 4209; x_wconf 89' lang='lat' dir='ltr'>actio</span> <span class='ocrx_word' id='word_1_250' title='bbox 1086 4147 1157 4209; x_wconf 88' lang='lat' dir='ltr'>tota</span> <span class='ocrx_word' id='word_1_251' title='bbox 1170 4136 1234 4208; x_wconf 86' lang='lat' dir='ltr'>fuit</span> 
     </span>
     <span class='ocr_line' id='line_1_34' title="bbox 167 4246 1232 4354; baseline 0.006 -36"><span class='ocrx_word' id='word_1_252' title='bbox 167 4246 209 4318; x_wconf 89' lang='lat' dir='ltr'>de</span> <span class='ocrx_word' id='word_1_253' title='bbox 228 4249 345 4324; x_wconf 87' lang='lat' dir='ltr'>verbis</span> <span class='ocrx_word' id='word_1_254' title='bbox 364 4250 540 4323; x_wconf 85' lang='lat' dir='ltr'>interdicti</span> <span class='ocrx_word' id='word_1_255' title='bbox 565 4273 586 4323; x_wconf 88' lang='lat' dir='ltr'>a</span> <span class='ocrx_word' id='word_1_256' title='bbox 604 4251 750 4325; x_wconf 89' lang='lat' dir='ltr'>Lucullo</span> <span class='ocrx_word' id='word_1_257' title='bbox 769 4255 950 4354; x_wconf 87' lang='lat' dir='ltr'>propositi,</span> <span class='ocrx_word' id='word_1_258' title='bbox 973 4277 1075 4348; x_wconf 86' lang='lat' dir='ltr'>quarn</span> <span class='ocrx_word' id='word_1_259' title='bbox 1093 4254 1232 4348; x_wconf 85' lang='lat' dir='ltr'>quidem</span> 
     </span>
    </p>
   </div>
   <div class='ocr_carea' id='block_1_5' title="bbox 0 0 1540 4950">
    <p class='ocr_par' dir='ltr' id='par_1_8' title="bbox 0 0 1540 4950">
     <span class='ocr_line' id='line_1_35' title="bbox 0 0 1540 4950; baseline 0 0"><span class='ocrx_word' id='word_1_260' title='bbox 0 0 1540 4950; x_wconf 95' lang='lat' dir='ltr'> </span> 
     </span>
    </p>
   </div>
   <div class='ocr_carea' id='block_1_6' title="bbox 1532 3219 1536 4591">
    <p class='ocr_par' dir='ltr' id='par_1_9' title="bbox 1532 3219 1536 4591">
     <span class='ocr_line' id='line_1_36' title="bbox 1532 3219 1536 4591; baseline 0 0"><span class='ocrx_word' id='word_1_261' title='bbox 1532 3219 1536 4591; x_wconf 95' lang='lat' dir='ltr'> </span> 
     </span>
    </p>
   </div>
  </div>
 </body>
</html>
