3044 4938
295 1544 298 1554 ,
347 1483 512 1560 ORATIO
541 1483 714 1558 uoluti
743 1483 996 1559 conmonuit
1024 1487 1060 1566 Q.
1086 1483 1287 1558 llllTllbLl

735 1747 834 1757 ...ιιι-..ι
859 1747 892 1753 υ·-

337 2072 475 2145 lnterea
493 2069 803 2142 laboriosissimum
818 2093 858 2141 ac
873 2055 1352 2165 periculosissimum'consu-

289 2188 400 2258 latum
427 2188 476 2259 M.
506 2186 646 2258 Tullius
675 2186 821 2280 agebat,
849 2196 899 2271 et,
934 2189 1143 2281 magistratu
1171 2187 1348 2283 deposito,

290 2304 407 2376 omnia
426 2303 509 2396 jure
526 2303 718 2396 praedicare
737 2312 886 2396 poterat,
908 2306 1046 2399 quibus,
1065 2315 1206 2401 propter
1230 2314 1353 2376 aucto-

291 2421 442 2508 ritatem,
463 2419 569 2489 animi
592 2419 824 2491 constantiam
843 2420 1088 2516 virtutemque,
1111 2423 1153 2494 de
1172 2421 1352 2516 republica

291 2534 400 2628 deque
425 2533 646 2626 optimatibus
670 2534 760 2606 bene
783 2547 972 2609 meruerat.
996 2535 1155 2625 Etenim,
1176 2545 1214 2607 ut
1232 2538 1270 2607 in
1289 2561 1353 2608 sua

290 2649 473 2721 laudetam
483 2650 790 2745 curiosustamque
800 2651 949 2746 diligens
959 2652 1034 2746 ipse
1044 2651 1224 2740 dictitavit,
1237 2651 1351 2746 legis¹
1410 2691 1414 2700 ·

290 2765 443 2857 agrariae
454 2774 546 2836 metu
562 2766 669 2837 bonos
688 2790 808 2838 omnes
821 2766 1053 2852 liberaverat;
1070 2757 1277 2841 solutionem
1293 2793 1355 2842 re·-

206 2915 210 2922 ·
291 2905 367 2950 rum
392 2881 602 2952 creditarum
626 2882 668 2953 de
691 2881 869 2976 republica
893 2880 1114 2973 sustulerat²;
1140 2891 1256 2978 atque,
1287 2907 1355 2956 ex-

290 3006 401 3074 tremo
426 3021 544 3068 mense
573 2992 788 3082 ‘consulatus
820 2997 1023 3088 Catilinam,
1051 3000 1181 3070 caedem
1210 3008 1354 3072 senatus

291 3114 539 3207 interitumque
558 3113 664 3184 Urbis
684 3137 755 3184 non
774 3111 920 3185 obscure
934 3115 995 3186 sed
1009 3114 1125 3208 palam
1138 3114 1352 3196 molientem,

291 3229 411 3321 egredi
433 3252 477 3299 ex
496 3229 583 3300 urbe
602 3237 782 3322 coegerat,
805 3230 916 3323 deque
934 3227 1129 3301 manifestis
1153 3253 1272 3300 rerum
1292 3250 1352 3299 oa-

289 3344 449 3439 pitalium
473 3344 764 3439 conjuratoribus,
793 3341 910 3416 more³
934 3345 1118 3437 majorum,
1146 3343 1355 3437 supplicium

290 3471 497 3554 sumpserat.
522 3459 580 3547 At,
598 3482 806 3554 quamquam
824 3447 1081 3530 animadversio
1097 3468 1130 3530 et
1144 3459 1352 3552 judicium⁴,

290 3574 378 3646 sicut
394 3581 512 3667 postea
522 3576 682 3668 Jactavit,
700 3572 766 3644 fuit
783 3582 935 3662 senatus,
956 3597 1025 3644 non
1039 3573 1226 3676 ignorabat
1240 3573 1355 3644 sebas

289 3699 527 3762 sacrosanctas
545 3690 644 3782 leges
662 3689 862 3776 violavisse,
885 3712 964 3784 quae
981 3713 1052 3763 non
1072 3689 1227 3764 animam
1247 3685 1356 3783 eripi⁵

320 3978 329 4011 ¹
346 3974 375 4023 ln
388 3975 418 4025 L.
431 3973 503 4038 Calp.
520 3976 646 4032 Pisonem,
661 3991 684 4024 o.
700 3989 728 4024 11.

319 4055 381 4104 2De
397 4055 501 4113 officiis,
518 4054 563 4104 lib.
579 4055 613 4114 ll,
629 4069 652 4105 c.
668 4069 741 4104 xxm.

318 4138 329 4173 ³
344 4138 373 4186 In
388 4135 569 4200 Conjuratione
583 4132 707 4192 Catilinae,
723 4135 804 4184 oratio
819 4135 903 4184 Porcii
919 4135 1031 4199 Catonis,

319 4217 329 4253 ⁴
347 4217 373 4265 ln
389 4217 418 4266 L.
434 4216 462 4267 C.
478 4214 608 4272 Pisonem,
625 4229 646 4262 r.
664 4227 709 4263 vu.
784 4257 786 4261 .

322 4298 333 4336 ⁵
349 4298 377 4357 tp
391 4295 566 4356 conjuratione
581 4292 707 4354 Catilinae,
723 4295 804 4353 oratio
818 4294 847 4348 C.
865 4295 987 4353 Caesatis,
