<?xml version="1.0" encoding="UTF-8"?>
<!DOCTYPE html PUBLIC "-//W3C//DTD XHTML 1.0 Transitional//EN"
    "http://www.w3.org/TR/xhtml1/DTD/xhtml1-transitional.dtd">
<html xmlns="http://www.w3.org/1999/xhtml" xml:lang="en" lang="en">
 <head>
  <title>
</title>
<meta http-equiv="Content-Type" content="text/html;charset=utf-8" />
  <meta name='ocr-system' content='tesseract 3.04.00' />
  <meta name='ocr-capabilities' content='ocr_page ocr_carea ocr_par ocr_line ocrx_word'/>
</head>
<body>
  <div class='ocr_page' id='page_1' title='image "./demarcitulliici00beligoog_0111.png"; bbox 0 0 3044 4938; ppageno 0'>
   <div class='ocr_carea' id='block_1_1' title="bbox 283 381 1251 439">
    <p class='ocr_par' dir='ltr' id='par_1_1' title="bbox 283 381 1251 439">
     <span class='ocr_line' id='line_1_1' title="bbox 283 381 1251 439; baseline -0.002 0"><span class='ocrx_word' id='word_1_1' title='bbox 283 389 329 439; x_wconf 83' lang='lat'>‘90</span> <span class='ocrx_word' id='word_1_2' title='bbox 419 387 466 436; x_wconf 75' lang='lat' dir='ltr'>[itt</span> <span class='ocrx_word' id='word_1_3' title='bbox 487 381 698 438; x_wconf 71' lang='lat' dir='ltr'>CICERONIS</span> <span class='ocrx_word' id='word_1_4' title='bbox 718 383 962 435; x_wconf 74' lang='lat' dir='ltr'>ORATIONUM</span> <span class='ocrx_word' id='word_1_5' title='bbox 983 387 1251 439; x_wconf 65' lang='lat' dir='ltr'><strong>FRAGMENTIS</strong></span> 
     </span>
    </p>
   </div>
   <div class='ocr_carea' id='block_1_2' title="bbox 213 503 1428 3955">
    <p class='ocr_par' dir='ltr' id='par_1_2' title="bbox 248 503 1365 1179">
     <span class='ocr_line' id='line_1_2' title="bbox 248 503 1365 601; baseline 0.001 -24"><span class='ocrx_word' id='word_1_6' title='bbox 248 578 253 586; x_wconf 82' lang='grc'><em>,</em></span> <span class='ocrx_word' id='word_1_7' title='bbox 299 505 506 600; x_wconf 84' lang='lat' dir='ltr'>AEgyptiur&#39;n</span> <span class='ocrx_word' id='word_1_8' title='bbox 520 504 650 576; x_wconf 93' lang='lat' dir='ltr'>bellum</span> <span class='ocrx_word' id='word_1_9' title='bbox 663 527 741 575; x_wconf 87' lang='lat' dir='ltr'>curn</span> <span class='ocrx_word' id='word_1_10' title='bbox 756 505 777 576; x_wconf 84' lang='lat' dir='ltr'><strong>J</strong></span> <span class='ocrx_word' id='word_1_11' title='bbox 781 503 959 596; x_wconf 85' lang='lat' dir='ltr'>ugurthaa1</span> <span class='ocrx_word' id='word_1_12' title='bbox 974 504 1068 576; x_wconf 90' lang='lat' dir='ltr'>bello</span> <span class='ocrx_word' id='word_1_13' title='bbox 1081 529 1284 601; x_wconf 89' lang='lat' dir='ltr'>comparare</span> <span class='ocrx_word' id='word_1_14' title='bbox 1294 531 1365 578; x_wconf 93' lang='lat' dir='ltr'>non</span> 
     </span>
     <span class='ocr_line' id='line_1_3' title="bbox 299 620 1364 716; baseline 0.002 -26"><span class='ocrx_word' id='word_1_15' title='bbox 299 621 529 693; x_wconf 84' lang='lat' dir='ltr'>dubitaverat.</span> <span class='ocrx_word' id='word_1_16' title='bbox 552 620 625 703; x_wconf 87' lang='lat' dir='ltr'>Quo</span> <span class='ocrx_word' id='word_1_17' title='bbox 648 621 685 690; x_wconf 90' lang='lat' dir='ltr'>in</span> <span class='ocrx_word' id='word_1_18' title='bbox 712 621 806 708; x_wconf 88' lang='lat' dir='ltr'>loco,</span> <span class='ocrx_word' id='word_1_19' title='bbox 833 621 862 690; x_wconf 91' lang='lat' dir='ltr'>si</span> <span class='ocrx_word' id='word_1_20' title='bbox 891 621 1199 692; x_wconf 75' lang='lat' dir='ltr'>ex&#39;Fortunatiani</span> <span class='ocrx_word' id='word_1_21' title='bbox 1214 621 1364 716; x_wconf 87' lang='lat' dir='ltr'>quodam</span> 
     </span>
     <span class='ocr_line' id='line_1_4' title="bbox 299 717 1365 830; baseline 0.001 -23"><span class='ocrx_word' id='word_1_22' title='bbox 299 737 389 809; x_wconf 92' lang='lat' dir='ltr'>libro</span> <span class='ocrx_word' id='word_1_23' title='bbox 413 738 467 807; x_wconf 87' lang='lat' dir='ltr'>vir</span> <span class='ocrx_word' id='word_1_24' title='bbox 486 736 705 808; x_wconf 86' lang='lat' dir='ltr'>doctissimus</span> <span class='ocrx_word' id='word_1_25' title='bbox 724 737 832 807; x_wconf 92' lang='lat' dir='ltr'>Orelli</span> <span class='ocrx_word' id='word_1_26' title='bbox 855 761 939 808; x_wconf 89' lang='lat' dir='ltr'>vere</span> <span class='ocrx_word' id='word_1_27' title='bbox 957 737 1153 830; x_wconf 87' lang='lat' dir='ltr'>suspicatus</span> <span class='ocrx_word' id='word_1_28' title='bbox 1177 739 1232 826; x_wconf 91' lang='lat' dir='ltr'>sit,</span> <span class='ocrx_word' id='word_1_29' title='bbox 1255 717 1365 809; x_wconf 87' lang='lat' dir='ltr'>verba</span> 
     </span>
     <span class='ocr_line' id='line_1_5' title="bbox 299 852 1365 951; baseline -0.003 -24"><span class='ocrx_word' id='word_1_30' title='bbox 299 858 374 951; x_wconf 88' lang='lat' dir='ltr'>ipsa</span> <span class='ocrx_word' id='word_1_31' title='bbox 392 853 587 926; x_wconf 87' lang='lat' dir='ltr'>adversarii</span> <span class='ocrx_word' id='word_1_32' title='bbox 607 853 777 944; x_wconf 81' lang='lat' dir='ltr'>sumebat,</span> <span class='ocrx_word' id='word_1_33' title='bbox 795 878 862 949; x_wconf 94' lang='lat' dir='ltr'>quo</span> <span class='ocrx_word' id='word_1_34' title='bbox 881 852 1018 926; x_wconf 86' lang='lat' dir='ltr'><strong>facilius</strong></span> <span class='ocrx_word' id='word_1_35' title='bbox 1032 853 1276 949; x_wconf 88' lang='lat' dir='ltr'>amplificando</span> <span class='ocrx_word' id='word_1_36' title='bbox 1291 864 1365 926; x_wconf 93' lang='lat' dir='ltr'>tum</span> 
     </span>
     <span class='ocr_line' id='line_1_6' title="bbox 299 968 1365 1065; baseline -0.003 -22"><span class='ocrx_word' id='word_1_37' title='bbox 299 974 393 1044; x_wconf 85' lang='lat' dir='ltr'>dicta</span> <span class='ocrx_word' id='word_1_38' title='bbox 412 977 618 1042; x_wconf 81' lang='lat' dir='ltr'>extenuaret</span> <span class='ocrx_word' id='word_1_39' title='bbox 638 968 885 1065; x_wconf 84' lang='lat' dir='ltr'>abjiceretque,</span> <span class='ocrx_word' id='word_1_40' title='bbox 899 972 977 1065; x_wconf 88' lang='lat' dir='ltr'>quia</span> <span class='ocrx_word' id='word_1_41' title='bbox 996 971 1138 1042; x_wconf 83' lang='lat' dir='ltr'>intense</span> <span class='ocrx_word' id='word_1_42' title='bbox 1158 970 1258 1042; x_wconf 87' lang='lat' dir='ltr'>ambo</span> <span class='ocrx_word' id='word_1_43' title='bbox 1273 969 1365 1042; x_wconf 88' lang='lat' dir='ltr'>bella</span> 
     </span>
     <span class='ocr_line' id='line_1_7' title="bbox 299 1085 1365 1179; baseline -0.002 -19"><span class='ocrx_word' id='word_1_44' title='bbox 299 1111 424 1162; x_wconf 81' lang='lat' dir='ltr'>revera</span> <span class='ocrx_word' id='word_1_45' title='bbox 442 1085 702 1179; x_wconf 82' lang='lat' dir='ltr'>discrepabant,</span> <span class='ocrx_word' id='word_1_46' title='bbox 731 1095 803 1156; x_wconf 90' lang='lat' dir='ltr'>tum</span> <span class='ocrx_word' id='word_1_47' title='bbox 823 1088 953 1156; x_wconf 88' lang='lat' dir='ltr'>oratori</span> <span class='ocrx_word' id='word_1_48' title='bbox 971 1086 1076 1158; x_wconf 84' lang='lat' dir='ltr'>fidem</span> <span class='ocrx_word' id='word_1_49' title='bbox 1094 1087 1236 1158; x_wconf 92' lang='lat' dir='ltr'>omnino</span> <span class='ocrx_word' id='word_1_50' title='bbox 1258 1087 1365 1158; x_wconf 88' lang='lat' dir='ltr'>tolle--</span> 
     </span>
    </p>

    <p class='ocr_par' dir='ltr' id='par_1_3' title="bbox 213 1203 1428 3955">
     <span class='ocr_line' id='line_1_8' title="bbox 299 1203 1428 1297; baseline -0.003 -20"><span class='ocrx_word' id='word_1_51' title='bbox 299 1214 365 1277; x_wconf 89' lang='lat' dir='ltr'>ret.</span> <span class='ocrx_word' id='word_1_52' title='bbox 392 1206 494 1275; x_wconf 88' lang='lat' dir='ltr'>Hanc</span> <span class='ocrx_word' id='word_1_53' title='bbox 520 1211 636 1274; x_wconf 89' lang='lat' dir='ltr'>autem</span> <span class='ocrx_word' id='word_1_54' title='bbox 659 1203 809 1295; x_wconf 88' lang='lat' dir='ltr'>primam</span> <span class='ocrx_word' id='word_1_55' title='bbox 832 1203 1000 1274; x_wconf 86' lang='lat' dir='ltr'>orationis</span> <span class='ocrx_word' id='word_1_56' title='bbox 1026 1213 1178 1297; x_wconf 86' lang='lat' dir='ltr'>partum,</span> <span class='ocrx_word' id='word_1_57' title='bbox 1197 1215 1279 1297; x_wconf 61' lang='lat' dir='ltr'>*qua</span> <span class='ocrx_word' id='word_1_58' title='bbox 1300 1226 1363 1296; x_wconf 89' lang='lat' dir='ltr'>pro</span> <span class='ocrx_word' id='word_1_59' title='bbox 1425 1228 1428 1237; x_wconf 54' lang='lat'><em>¹</em></span> 
     </span>
     <span class='ocr_line' id='line_1_9' title="bbox 213 1299 1363 1413; baseline -0.001 -24"><span class='ocrx_word' id='word_1_60' title='bbox 213 1299 216 1306; x_wconf 40' lang='lat'>¹</span> <span class='ocrx_word' id='word_1_61' title='bbox 299 1320 416 1413; x_wconf 87' lang='lat' dir='ltr'>gloria</span> <span class='ocrx_word' id='word_1_62' title='bbox 431 1319 580 1390; x_wconf 89' lang='lat' dir='ltr'>nominis</span> <span class='ocrx_word' id='word_1_63' title='bbox 599 1318 751 1388; x_wconf 88' lang='lat' dir='ltr'>Romani</span> <span class='ocrx_word' id='word_1_64' title='bbox 768 1317 979 1410; x_wconf 88' lang='lat' dir='ltr'>gravissime</span> <span class='ocrx_word' id='word_1_65' title='bbox 997 1319 1133 1390; x_wconf 91' lang='lat' dir='ltr'>locutus</span> <span class='ocrx_word' id='word_1_66' title='bbox 1151 1327 1239 1405; x_wconf 90' lang='lat' dir='ltr'>erat,</span> <span class='ocrx_word' id='word_1_67' title='bbox 1257 1317 1363 1390; x_wconf 89' lang='lat' dir='ltr'>nobi-</span> 
     </span>
     <span class='ocr_line' id='line_1_10' title="bbox 299 1423 1361 1529; baseline -0.001 -24"><span class='ocrx_word' id='word_1_68' title='bbox 299 1436 431 1507; x_wconf 89' lang='lat' dir='ltr'>lissima</span> <span class='ocrx_word' id='word_1_69' title='bbox 459 1423 523 1505; x_wconf 85' lang='lat' dir='ltr'>illa¹</span> <span class='ocrx_word' id='word_1_70' title='bbox 541 1432 770 1505; x_wconf 85' lang='lat' dir='ltr'>concludebat</span> <span class='ocrx_word' id='word_1_71' title='bbox 797 1435 983 1524; x_wconf 83' lang='lat' dir='ltr'>sententia,</span> <span class='ocrx_word' id='word_1_72' title='bbox 1011 1457 1103 1529; x_wconf 83' lang='lat' dir='ltr'>quae,</span> <span class='ocrx_word' id='word_1_73' title='bbox 1134 1435 1226 1529; x_wconf 90' lang='lat' dir='ltr'>quod</span> <span class='ocrx_word' id='word_1_74' title='bbox 1241 1445 1361 1506; x_wconf 87' lang='lat' dir='ltr'>senatu</span> 
     </span>
     <span class='ocr_line' id='line_1_11' title="bbox 299 1546 1362 1642; baseline 0.001 -23"><span class='ocrx_word' id='word_1_75' title='bbox 299 1549 446 1642; x_wconf 85' lang='lat' dir='ltr'>dignum</span> <span class='ocrx_word' id='word_1_76' title='bbox 465 1546 568 1638; x_wconf 87' lang='lat' dir='ltr'>foret,</span> <span class='ocrx_word' id='word_1_77' title='bbox 590 1572 659 1619; x_wconf 92' lang='lat' dir='ltr'>non</span> <span class='ocrx_word' id='word_1_78' title='bbox 674 1556 795 1618; x_wconf 89' lang='lat' dir='ltr'>autern</span> <span class='ocrx_word' id='word_1_79' title='bbox 809 1549 906 1642; x_wconf 84' lang='lat' dir='ltr'>quod</span> <span class='ocrx_word' id='word_1_80' title='bbox 926 1551 962 1619; x_wconf 91' lang='lat' dir='ltr'>in</span> <span class='ocrx_word' id='word_1_81' title='bbox 988 1548 1050 1620; x_wconf 89' lang='lat' dir='ltr'>tali</span> <span class='ocrx_word' id='word_1_82' title='bbox 1069 1574 1108 1620; x_wconf 93' lang='lat' dir='ltr'>re</span> <span class='ocrx_word' id='word_1_83' title='bbox 1127 1573 1262 1620; x_wconf 92' lang='lat' dir='ltr'>summo</span> <span class='ocrx_word' id='word_1_84' title='bbox 1281 1549 1362 1642; x_wconf 87' lang='lat' dir='ltr'>jure</span> 
     </span>
     <span class='ocr_line' id='line_1_12' title="bbox 301 1662 1361 1758; baseline 0.002 -25"><span class='ocrx_word' id='word_1_85' title='bbox 301 1664 376 1735; x_wconf 88' lang='lat' dir='ltr'>lieri</span> <span class='ocrx_word' id='word_1_86' title='bbox 395 1672 523 1758; x_wconf 83' lang='lat' dir='ltr'>posset,</span> <span class='ocrx_word' id='word_1_87' title='bbox 543 1662 718 1756; x_wconf 87' lang='lat' dir='ltr'>edocebat,</span> <span class='ocrx_word' id='word_1_88' title='bbox 739 1686 886 1758; x_wconf 89' lang='lat' dir='ltr'>quaeque</span> <span class='ocrx_word' id='word_1_89' title='bbox 905 1664 1030 1736; x_wconf 91' lang='lat' dir='ltr'>honori</span> <span class='ocrx_word' id='word_1_90' title='bbox 1051 1689 1185 1736; x_wconf 87' lang='lat' dir='ltr'>summo</span> <span class='ocrx_word' id='word_1_91' title='bbox 1204 1663 1361 1736; x_wconf 87' lang='lat' dir='ltr'>Ciceroni</span> 
     </span>
     <span class='ocr_line' id='line_1_13' title="bbox 251 1779 1360 1877; baseline 0 -23"><span class='ocrx_word' id='word_1_92' title='bbox 251 1856 254 1860; x_wconf 81' lang='grc'>,</span> <span class='ocrx_word' id='word_1_93' title='bbox 300 1792 352 1854; x_wconf 88' lang='lat' dir='ltr'>est</span> <span class='ocrx_word' id='word_1_94' title='bbox 375 1806 383 1850; x_wconf 74' lang='grc' dir='ltr'>ε</span> <span class='ocrx_word' id='word_1_95' title='bbox 407 1806 425 1853; x_wconf 73' lang='lat' dir='ltr'>c&lt;</span> <span class='ocrx_word' id='word_1_96' title='bbox 447 1781 524 1874; x_wconf 89' lang='lat' dir='ltr'>Ego</span> <span class='ocrx_word' id='word_1_97' title='bbox 538 1792 585 1868; x_wconf 91' lang='lat' dir='ltr'>te,</span> <span class='ocrx_word' id='word_1_98' title='bbox 602 1779 669 1850; x_wconf 90' lang='lat' dir='ltr'>nisi</span> <span class='ocrx_word' id='word_1_99' title='bbox 684 1781 746 1854; x_wconf 89' lang='lat' dir='ltr'>das</span> <span class='ocrx_word' id='word_1_100' title='bbox 765 1781 908 1874; x_wconf 84' lang='lat' dir='ltr'>aliquid,</span> <span class='ocrx_word' id='word_1_101' title='bbox 929 1781 1064 1854; x_wconf 90' lang='lat' dir='ltr'>hostem</span> <span class='ocrx_word' id='word_1_102' title='bbox 1075 1805 1084 1871; x_wconf 92' lang='lat'>;</span> <span class='ocrx_word' id='word_1_103' title='bbox 1107 1783 1136 1852; x_wconf 90' lang='lat' dir='ltr'>si</span> <span class='ocrx_word' id='word_1_104' title='bbox 1154 1783 1239 1877; x_wconf 55' lang='lat' dir='ltr'>,quid</span> <span class='ocrx_word' id='word_1_105' title='bbox 1253 1783 1360 1854; x_wconf 81' lang='lat' dir='ltr'>dede·</span> 
     </span>
     <span class='ocr_line' id='line_1_14' title="bbox 300 1899 1359 1992; baseline 0.002 -23"><span class='ocrx_word' id='word_1_106' title='bbox 300 1900 361 1987; x_wconf 90' lang='lat' dir='ltr'>ris,</span> <span class='ocrx_word' id='word_1_107' title='bbox 385 1921 505 1991; x_wconf 86' lang='lat' dir='ltr'>regem</span> <span class='ocrx_word' id='word_1_108' title='bbox 528 1906 563 1970; x_wconf 90' lang='lat' dir='ltr'>et</span> <span class='ocrx_word' id='word_1_109' title='bbox 582 1899 712 1969; x_wconf 92' lang='lat' dir='ltr'>socium</span> <span class='ocrx_word' id='word_1_110' title='bbox 736 1907 770 1970; x_wconf 92' lang='lat' dir='ltr'>et</span> <span class='ocrx_word' id='word_1_111' title='bbox 794 1899 942 1969; x_wconf 92' lang='lat' dir='ltr'>amicum</span> <span class='ocrx_word' id='word_1_112' title='bbox 963 1899 1142 1992; x_wconf 83' lang='lat' dir='ltr'>judicabo</span> <span class='ocrx_word' id='word_1_113' title='bbox 1167 1925 1184 1969; x_wconf 77' lang='lat' dir='ltr'>a</span> <span class='ocrx_word' id='word_1_114' title='bbox 1202 1943 1252 1952; x_wconf 94' lang='lat'><em>-</em></span> <span class='ocrx_word' id='word_1_115' title='bbox 1268 1902 1359 1972; x_wconf 91' lang='lat' dir='ltr'>Pro--</span> 
     </span>
     <span class='ocr_line' id='line_1_15' title="bbox 299 2013 1357 2109; baseline -0.002 -25"><span class='ocrx_word' id='word_1_116' title='bbox 299 2015 447 2087; x_wconf 88' lang='lat' dir='ltr'>baverat</span> <span class='ocrx_word' id='word_1_117' title='bbox 458 2014 577 2086; x_wconf 85' lang='lat' dir='ltr'>Cicero</span> <span class='ocrx_word' id='word_1_118' title='bbox 593 2036 663 2083; x_wconf 91' lang='lat' dir='ltr'>non</span> <span class='ocrx_word' id='word_1_119' title='bbox 679 2037 697 2084; x_wconf 92' lang='lat' dir='ltr'>e</span> <span class='ocrx_word' id='word_1_120' title='bbox 713 2035 764 2103; x_wconf 81' lang='lat' dir='ltr'>re,</span> <span class='ocrx_word' id='word_1_121' title='bbox 782 2036 851 2083; x_wconf 92' lang='lat' dir='ltr'>non</span> <span class='ocrx_word' id='word_1_122' title='bbox 867 2037 885 2083; x_wconf 88' lang='lat' dir='ltr'>e</span> <span class='ocrx_word' id='word_1_123' title='bbox 901 2013 1070 2106; x_wconf 77' lang='lat' dir='ltr'>dignitate</span> <span class='ocrx_word' id='word_1_124' title='bbox 1084 2014 1202 2109; x_wconf 92' lang='lat' dir='ltr'>populi</span> <span class='ocrx_word' id='word_1_125' title='bbox 1211 2013 1357 2086; x_wconf 84' lang='lat' dir='ltr'>Romani</span> 
     </span>
     <span class='ocr_line' id='line_1_16' title="bbox 300 2129 1360 2223; baseline -0.002 -22"><span class='ocrx_word' id='word_1_126' title='bbox 300 2154 375 2202; x_wconf 87' lang='lat' dir='ltr'>esse</span> <span class='ocrx_word' id='word_1_127' title='bbox 401 2141 439 2202; x_wconf 90' lang='lat' dir='ltr'>ut</span> <span class='ocrx_word' id='word_1_128' title='bbox 458 2139 666 2202; x_wconf 91' lang='lat' dir='ltr'>testamento</span> <span class='ocrx_word' id='word_1_129' title='bbox 692 2129 886 2221; x_wconf 79' lang='lat' dir='ltr'>AEgyptum</span> <span class='ocrx_word' id='word_1_130' title='bbox 911 2137 1103 2223; x_wconf 83' lang='lat' dir='ltr'>repeteret3</span> <span class='ocrx_word' id='word_1_131' title='bbox 1124 2153 1248 2200; x_wconf 84' lang='lat' dir='ltr'>verum</span> <span class='ocrx_word' id='word_1_132' title='bbox 1269 2153 1360 2201; x_wconf 92' lang='lat' dir='ltr'>non-</span> 
     </span>
     <span class='ocr_line' id='line_1_17' title="bbox 300 2244 1360 2338; baseline 0.002 -24"><span class='ocrx_word' id='word_1_133' title='bbox 300 2245 390 2316; x_wconf 91' lang='lat' dir='ltr'>nulli</span> <span class='ocrx_word' id='word_1_134' title='bbox 409 2244 625 2338; x_wconf 87' lang='lat' dir='ltr'>cupidissimi</span> <span class='ocrx_word' id='word_1_135' title='bbox 642 2251 821 2314; x_wconf 65' lang='lat' dir='ltr'>senatores</span> <span class='ocrx_word' id='word_1_136' title='bbox 839 2267 909 2313; x_wconf 89' lang='lat' dir='ltr'>non</span> <span class='ocrx_word' id='word_1_137' title='bbox 926 2244 1039 2314; x_wconf 90' lang='lat' dir='ltr'>solnm</span> <span class='ocrx_word' id='word_1_138' title='bbox 1055 2244 1283 2316; x_wconf 85' lang='lat' dir='ltr'>Ptolemaeum</span> <span class='ocrx_word' id='word_1_139' title='bbox 1303 2246 1360 2316; x_wconf 92' lang='lat' dir='ltr'>in-</span> 
     </span>
     <span class='ocr_line' id='line_1_18' title="bbox 295 2347 1361 2455; baseline -0.001 -24"><span class='ocrx_word' id='word_1_140' title='bbox 295 2347 775 2455; x_wconf 36' lang='lat' dir='ltr'>juriaregnum&#39;occupass&#39;e</span> <span class='ocrx_word' id='word_1_141' title='bbox 797 2356 1030 2448; x_wconf 84' lang='lat' dir='ltr'>affirmabant,</span> <span class='ocrx_word' id='word_1_142' title='bbox 1053 2361 1115 2430; x_wconf 90' lang='lat' dir='ltr'>sed</span> <span class='ocrx_word' id='word_1_143' title='bbox 1140 2361 1245 2432; x_wconf 84' lang='lat' dir='ltr'>etiam</span> <span class='ocrx_word' id='word_1_144' title='bbox 1268 2361 1361 2432; x_wconf 92' lang='lat' dir='ltr'>omni</span> 
     </span>
     <span class='ocr_line' id='line_1_19' title="bbox 299 2472 1362 2570; baseline 0.003 -26"><span class='ocrx_word' id='word_1_145' title='bbox 299 2474 452 2563; x_wconf 90' lang='lat' dir='ltr'>bonore,</span> <span class='ocrx_word' id='word_1_146' title='bbox 482 2473 525 2545; x_wconf 92' lang='lat' dir='ltr'>ob</span> <span class='ocrx_word' id='word_1_147' title='bbox 551 2472 708 2544; x_wconf 84' lang='lat' dir='ltr'>facinora</span> <span class='ocrx_word' id='word_1_148' title='bbox 731 2481 892 2567; x_wconf 83' lang='lat' dir='ltr'>patrata,</span> <span class='ocrx_word' id='word_1_149' title='bbox 919 2473 1201 2566; x_wconf 89' lang='lat' dir='ltr'>indignissimum</span> <span class='ocrx_word' id='word_1_150' title='bbox 1222 2476 1362 2570; x_wconf 86' lang='lat' dir='ltr'>judica-</span> 
     </span>
     <span class='ocr_line' id='line_1_20' title="bbox 299 2589 1362 2687; baseline 0.001 -26"><span class='ocrx_word' id='word_1_151' title='bbox 299 2589 385 2662; x_wconf 88' lang='lat' dir='ltr'>bant</span> <span class='ocrx_word' id='word_1_152' title='bbox 412 2617 419 2661; x_wconf 92' lang='lat'>:</span> <span class='ocrx_word' id='word_1_153' title='bbox 448 2600 660 2687; x_wconf 91' lang='lat' dir='ltr'>quapropter</span> <span class='ocrx_word' id='word_1_154' title='bbox 679 2613 758 2660; x_wconf 91' lang='lat' dir='ltr'>cum</span> <span class='ocrx_word' id='word_1_155' title='bbox 782 2591 872 2660; x_wconf 89' lang='lat' dir='ltr'>mira</span> <span class='ocrx_word' id='word_1_156' title='bbox 891 2591 1115 2686; x_wconf 87' lang='lat' dir='ltr'>accuratione</span> <span class='ocrx_word' id='word_1_157' title='bbox 1133 2591 1268 2684; x_wconf 90' lang='lat' dir='ltr'>objecta</span> <span class='ocrx_word' id='word_1_158' title='bbox 1290 2593 1362 2664; x_wconf 89' lang='lat' dir='ltr'>cri-</span> 
     </span>
     <span class='ocr_line' id='line_1_21' title="bbox 298 2705 1362 2803; baseline 0.003 -26"><span class='ocrx_word' id='word_1_159' title='bbox 298 2707 392 2778; x_wconf 85' lang='lat' dir='ltr'>mina</span> <span class='ocrx_word' id='word_1_160' title='bbox 406 2730 560 2803; x_wconf 86' lang='lat' dir='ltr'>purgare</span> <span class='ocrx_word' id='word_1_161' title='bbox 572 2715 692 2777; x_wconf 88' lang='lat' dir='ltr'>noster</span> <span class='ocrx_word' id='word_1_162' title='bbox 707 2705 910 2778; x_wconf 89' lang='lat' dir='ltr'>conabatur.</span> <span class='ocrx_word' id='word_1_163' title='bbox 930 2707 984 2776; x_wconf 88' lang='lat' dir='ltr'>Ex</span> <span class='ocrx_word' id='word_1_164' title='bbox 1001 2705 1066 2776; x_wconf 87' lang='lat' dir='ltr'>hac</span> <span class='ocrx_word' id='word_1_165' title='bbox 1077 2716 1195 2778; x_wconf 87' lang='lat' dir='ltr'>autem</span> <span class='ocrx_word' id='word_1_166' title='bbox 1211 2709 1362 2780; x_wconf 87' lang='lat' dir='ltr'>secunda</span> 
     </span>
     <span class='ocr_line' id='line_1_22' title="bbox 298 2819 1362 2919; baseline 0 -25"><span class='ocrx_word' id='word_1_167' title='bbox 298 2824 464 2894; x_wconf 89' lang='lat' dir='ltr'>orationis</span> <span class='ocrx_word' id='word_1_168' title='bbox 483 2831 582 2917; x_wconf 89' lang='lat' dir='ltr'>parte</span> <span class='ocrx_word' id='word_1_169' title='bbox 601 2823 667 2894; x_wconf 91' lang='lat' dir='ltr'>duo</span> <span class='ocrx_word' id='word_1_170' title='bbox 687 2831 823 2893; x_wconf 87' lang='lat' dir='ltr'>tantum</span> <span class='ocrx_word' id='word_1_171' title='bbox 841 2819 1043 2914; x_wconf 80' lang='lat' dir='ltr'>fragmenta</span> <span class='ocrx_word' id='word_1_172' title='bbox 1059 2833 1260 2917; x_wconf 86' lang='lat' dir='ltr'>supersunt,</span> <span class='ocrx_word' id='word_1_173' title='bbox 1282 2825 1362 2919; x_wconf 75' lang='lat' dir='ltr'>qui-</span> 
     </span>
     <span class='ocr_line' id='line_1_23' title="bbox 298 2935 1361 3034; baseline -0.002 -26"><span class='ocrx_word' id='word_1_174' title='bbox 298 2938 364 3009; x_wconf 91' lang='lat' dir='ltr'>bus</span> <span class='ocrx_word' id='word_1_175' title='bbox 388 2940 491 3010; x_wconf 90' lang='lat' dir='ltr'>fidem</span> <span class='ocrx_word' id='word_1_176' title='bbox 514 2935 597 3009; x_wconf 84' lang='lat' dir='ltr'>facit</span> <span class='ocrx_word' id='word_1_177' title='bbox 621 2961 748 3034; x_wconf 28' lang='lat' dir='ltr'>regem·</span> <span class='ocrx_word' id='word_1_178' title='bbox 765 2937 1046 3008; x_wconf 86' lang='lat' dir='ltr'>Alexandrinum</span> <span class='ocrx_word' id='word_1_179' title='bbox 1067 2961 1138 3008; x_wconf 93' lang='lat' dir='ltr'>non</span> <span class='ocrx_word' id='word_1_180' title='bbox 1163 2935 1281 3026; x_wconf 72' lang='lat' dir='ltr'>eum2,</span> <span class='ocrx_word' id='word_1_181' title='bbox 1308 2937 1361 3008; x_wconf 93' lang='lat' dir='ltr'>cui</span> 
     </span>
     <span class='ocr_line' id='line_1_24' title="bbox 298 3049 1361 3145; baseline 0 -23"><span class='ocrx_word' id='word_1_182' title='bbox 298 3061 526 3140; x_wconf 85' lang='lat' dir='ltr'>successerat,</span> <span class='ocrx_word' id='word_1_183' title='bbox 548 3049 781 3122; x_wconf 82' lang='lat' dir='ltr'>interfecisse.</span> <span class='ocrx_word' id='word_1_184' title='bbox 803 3052 854 3122; x_wconf 91' lang='lat' dir='ltr'>De</span> <span class='ocrx_word' id='word_1_185' title='bbox 878 3050 921 3120; x_wconf 89' lang='lat' dir='ltr'>iis</span> <span class='ocrx_word' id='word_1_186' title='bbox 948 3050 1124 3122; x_wconf 87' lang='lat' dir='ltr'>disserere</span> <span class='ocrx_word' id='word_1_187' title='bbox 1148 3075 1361 3145; x_wconf 83' lang='lat' dir='ltr'>supervaca-</span> 
     </span>
     <span class='ocr_line' id='line_1_25' title="bbox 299 3165 1398 3260; baseline 0 -24"><span class='ocrx_word' id='word_1_188' title='bbox 299 3189 405 3239; x_wconf 91' lang='lat' dir='ltr'>neum</span> <span class='ocrx_word' id='word_1_189' title='bbox 425 3175 490 3254; x_wconf 89' lang='lat' dir='ltr'>est,</span> <span class='ocrx_word' id='word_1_190' title='bbox 518 3167 603 3238; x_wconf 88' lang='lat' dir='ltr'>adeo</span> <span class='ocrx_word' id='word_1_191' title='bbox 631 3166 668 3237; x_wconf 89' lang='lat' dir='ltr'>in</span> <span class='ocrx_word' id='word_1_192' title='bbox 695 3165 820 3236; x_wconf 89' lang='lat' dir='ltr'>iisdem</span> <span class='ocrx_word' id='word_1_193' title='bbox 845 3165 1060 3260; x_wconf 89' lang='lat' dir='ltr'>explicandis</span> <span class='ocrx_word' id='word_1_194' title='bbox 1081 3165 1362 3260; x_wconf 87' lang='lat' dir='ltr'>exornandisque</span> <span class='ocrx_word' id='word_1_195' title='bbox 1393 3246 1398 3253; x_wconf 87' lang='lat'>.</span> 
     </span>
     <span class='ocr_line' id='line_1_26' title="bbox 299 3281 1360 3376; baseline -0.001 -24"><span class='ocrx_word' id='word_1_196' title='bbox 299 3305 445 3353; x_wconf 89' lang='lat' dir='ltr'>acumen</span> <span class='ocrx_word' id='word_1_197' title='bbox 461 3282 587 3376; x_wconf 85' lang='lat' dir='ltr'>judicii</span> <span class='ocrx_word' id='word_1_198' title='bbox 600 3281 803 3376; x_wconf 86' lang='lat' dir='ltr'>ingeniique</span> <span class='ocrx_word' id='word_1_199' title='bbox 821 3281 1004 3352; x_wconf 86' lang='lat' dir='ltr'>scholiasta</span> <span class='ocrx_word' id='word_1_200' title='bbox 1021 3290 1199 3352; x_wconf 89' lang='lat' dir='ltr'>ostentare</span> <span class='ocrx_word' id='word_1_201' title='bbox 1212 3281 1360 3366; x_wconf 87' lang='lat' dir='ltr'>studuit;</span> 
     </span>
     <span class='ocr_line' id='line_1_27' title="bbox 298 3396 1362 3487; baseline -0.002 -17"><span class='ocrx_word' id='word_1_202' title='bbox 298 3407 332 3470; x_wconf 91' lang='lat' dir='ltr'>et</span> <span class='ocrx_word' id='word_1_203' title='bbox 345 3399 467 3470; x_wconf 88' lang='lat' dir='ltr'>eadem</span> <span class='ocrx_word' id='word_1_204' title='bbox 480 3399 608 3487; x_wconf 86' lang='lat' dir='ltr'>dicere,</span> <span class='ocrx_word' id='word_1_205' title='bbox 625 3399 766 3469; x_wconf 88' lang='lat' dir='ltr'>mutatis</span> <span class='ocrx_word' id='word_1_206' title='bbox 781 3400 918 3468; x_wconf 90' lang='lat' dir='ltr'>tantuni</span> <span class='ocrx_word' id='word_1_207' title='bbox 932 3397 1061 3487; x_wconf 82' lang='lat' dir='ltr'>verbis,</span> <span class='ocrx_word' id='word_1_208' title='bbox 1078 3396 1180 3469; x_wconf 83' lang='lat' dir='ltr'>valde</span> <span class='ocrx_word' id='word_1_209' title='bbox 1191 3398 1362 3468; x_wconf 89' lang='lat' dir='ltr'>insulsum</span> 
     </span>
     <span class='ocr_line' id='line_1_28' title="bbox 298 3511 1362 3610; baseline -0.003 -24"><span class='ocrx_word' id='word_1_210' title='bbox 298 3522 401 3587; x_wconf 87' lang='lat' dir='ltr'>esset.</span> <span class='ocrx_word' id='word_1_211' title='bbox 429 3516 544 3598; x_wconf 83' lang='lat' dir='ltr'>Quum</span> <span class='ocrx_word' id='word_1_212' title='bbox 571 3514 683 3587; x_wconf 87' lang='lat' dir='ltr'>multa</span> <span class='ocrx_word' id='word_1_213' title='bbox 711 3513 821 3585; x_wconf 79' lang='lat' dir='ltr'>rerba</span> <span class='ocrx_word' id='word_1_214' title='bbox 850 3514 970 3585; x_wconf 87' lang='lat' dir='ltr'>Cicero</span> <span class='ocrx_word' id='word_1_215' title='bbox 996 3511 1135 3586; x_wconf 86' lang='lat' dir='ltr'>fecisset</span> <span class='ocrx_word' id='word_1_216' title='bbox 1161 3537 1270 3610; x_wconf 88' lang='lat' dir='ltr'>quare</span> <span class='ocrx_word' id='word_1_217' title='bbox 1298 3513 1362 3584; x_wconf 90' lang='lat' dir='ltr'>hoc</span> 
     </span>
     <span class='ocr_line' id='line_1_29' title="bbox 297 3627 1362 3724; baseline -0.002 -24"><span class='ocrx_word' id='word_1_218' title='bbox 297 3629 427 3704; x_wconf 89' lang='lat' dir='ltr'>bellum</span> <span class='ocrx_word' id='word_1_219' title='bbox 437 3655 501 3724; x_wconf 93' lang='lat' dir='ltr'>pro</span> <span class='ocrx_word' id='word_1_220' title='bbox 513 3653 598 3723; x_wconf 89' lang='lat' dir='ltr'>rege</span> <span class='ocrx_word' id='word_1_221' title='bbox 611 3630 851 3704; x_wconf 82' lang='lat' dir='ltr'>Alexandrino</span> <span class='ocrx_word' id='word_1_222' title='bbox 863 3637 954 3700; x_wconf 89' lang='lat' dir='ltr'>esset</span> <span class='ocrx_word' id='word_1_223' title='bbox 964 3629 1214 3718; x_wconf 87' lang='lat' dir='ltr'>necessarium,</span> <span class='ocrx_word' id='word_1_224' title='bbox 1228 3627 1362 3700; x_wconf 84' lang='lat' dir='ltr'>debelti</span> 
     </span>
     <span class='ocr_line' id='line_1_30' title="bbox 297 3742 1362 3838; baseline -0.001 -24"><span class='ocrx_word' id='word_1_225' title='bbox 297 3765 442 3838; x_wconf 80' lang='lat' dir='ltr'>genere,</span> <span class='ocrx_word' id='word_1_226' title='bbox 466 3744 510 3816; x_wconf 90' lang='lat' dir='ltr'>de</span> <span class='ocrx_word' id='word_1_227' title='bbox 531 3743 789 3838; x_wconf 86' lang='lat' dir='ltr'>magnitudine,</span> <span class='ocrx_word' id='word_1_228' title='bbox 813 3743 957 3815; x_wconf 91' lang='lat' dir='ltr'>utillud</span> <span class='ocrx_word' id='word_1_229' title='bbox 980 3767 998 3814; x_wconf 93' lang='lat' dir='ltr'>e</span> <span class='ocrx_word' id='word_1_230' title='bbox 1017 3744 1188 3822; x_wconf 86' lang='lat' dir='ltr'>Marcian.</span> <span class='ocrx_word' id='word_1_231' title='bbox 1210 3742 1362 3837; x_wconf 83' lang='lat' dir='ltr'>Capellae</span> 
     </span>
     <span class='ocr_line' id='line_1_31' title="bbox 295 3835 1360 3955; baseline -0.001 -24"><span class='ocrx_word' id='word_1_232' title='bbox 295 3857 506 3931; x_wconf 84' lang='lat' dir='ltr'>Rhetorica3</span> <span class='ocrx_word' id='word_1_233' title='bbox 519 3859 740 3954; x_wconf 91' lang='lat' dir='ltr'>desumptum</span> <span class='ocrx_word' id='word_1_234' title='bbox 757 3859 863 3955; x_wconf 83' lang='lat' dir='ltr'>plane</span> <span class='ocrx_word' id='word_1_235' title='bbox 885 3835 1014 3933; x_wconf 75' lang='lat' dir='ltr'>indicat</span> <span class='ocrx_word' id='word_1_236' title='bbox 1032 3884 1039 3930; x_wconf 92' lang='lat'>:</span> <span class='ocrx_word' id='word_1_237' title='bbox 1056 3869 1078 3930; x_wconf 70' lang='lat' dir='ltr'>‘n</span> <span class='ocrx_word' id='word_1_238' title='bbox 1094 3856 1256 3932; x_wconf 89' lang='lat' dir='ltr'>Difficilis</span> <span class='ocrx_word' id='word_1_239' title='bbox 1272 3860 1360 3932; x_wconf 87' lang='lat' dir='ltr'>ratio</span> 
     </span>
    </p>
   </div>
   <div class='ocr_carea' id='block_1_3' title="bbox 325 4086 1414 4232">
    <p class='ocr_par' dir='ltr' id='par_1_4' title="bbox 325 4086 1414 4232">
     <span class='ocr_line' id='line_1_32' title="bbox 326 4086 826 4152; baseline 0.008 -18"><span class='ocrx_word' id='word_1_240' title='bbox 326 4089 335 4123; x_wconf 84' lang='lat'>¹</span> <span class='ocrx_word' id='word_1_241' title='bbox 355 4102 368 4134; x_wconf 85' lang='lat'>«</span> <span class='ocrx_word' id='word_1_242' title='bbox 385 4087 427 4138; x_wconf 90' lang='lat' dir='ltr'>Sic</span> <span class='ocrx_word' id='word_1_243' title='bbox 443 4091 482 4138; x_wconf 86' lang='lat' dir='ltr'>est</span> <span class='ocrx_word' id='word_1_244' title='bbox 490 4087 559 4152; x_wconf 77' lang='lat' dir='ltr'>justa</span> <span class='ocrx_word' id='word_1_245' title='bbox 574 4101 649 4137; x_wconf 83' lang='lat' dir='ltr'>causa</span> <span class='ocrx_word' id='word_1_246' title='bbox 664 4086 735 4147; x_wconf 93' lang='lat' dir='ltr'>belli,</span> <span class='ocrx_word' id='word_1_247' title='bbox 751 4105 763 4134; x_wconf 78' lang='lat' dir='ltr'>a</span> <span class='ocrx_word' id='word_1_248' title='bbox 778 4091 826 4138; x_wconf 89' lang='lat' dir='ltr'>etc.</span> 
     </span>
     <span class='ocr_line' id='line_1_33' title="bbox 325 4159 1414 4232; baseline -0.001 -17"><span class='ocrx_word' id='word_1_249' title='bbox 325 4168 336 4204; x_wconf 79' lang='lat'>2</span> <span class='ocrx_word' id='word_1_250' title='bbox 354 4185 366 4215; x_wconf 76' lang='lat' dir='ltr'>&lt;r</span> <span class='ocrx_word' id='word_1_251' title='bbox 381 4168 463 4227; x_wconf 85' lang='lat' dir='ltr'>Quum</span> <span class='ocrx_word' id='word_1_252' title='bbox 475 4168 518 4218; x_wconf 92' lang='lat' dir='ltr'>ille</span> <span class='ocrx_word' id='word_1_253' title='bbox 528 4183 572 4218; x_wconf 83' lang='lat' dir='ltr'>rex</span> <span class='ocrx_word' id='word_1_254' title='bbox 583 4167 625 4227; x_wconf 85' lang='lat' dir='ltr'>sit,</span> <span class='ocrx_word' id='word_1_255' title='bbox 640 4171 689 4217; x_wconf 84' lang='lat' dir='ltr'>etc.</span> <span class='ocrx_word' id='word_1_256' title='bbox 705 4169 825 4232; x_wconf 86' lang='lat' dir='ltr'>-Atque</span> <span class='ocrx_word' id='word_1_257' title='bbox 840 4165 902 4220; x_wconf 87' lang='lat' dir='ltr'>illud</span> <span class='ocrx_word' id='word_1_258' title='bbox 914 4166 991 4218; x_wconf 82' lang='lat' dir='ltr'>etiam</span> <span class='ocrx_word' id='word_1_259' title='bbox 1006 4171 1122 4216; x_wconf 81' lang='lat' dir='ltr'>constare</span> <span class='ocrx_word' id='word_1_260' title='bbox 1138 4165 1220 4227; x_wconf 83' lang='lat' dir='ltr'>video,</span> <span class='ocrx_word' id='word_1_261' title='bbox 1232 4183 1244 4212; x_wconf 76' lang='lat' dir='ltr'>u</span> <span class='ocrx_word' id='word_1_262' title='bbox 1256 4169 1304 4215; x_wconf 85' lang='lat' dir='ltr'>etc.</span> <span class='ocrx_word' id='word_1_263' title='bbox 1409 4159 1414 4172; x_wconf 72' lang='lat'>⁸</span> 
     </span>
    </p>
   </div>
   <div class='ocr_carea' id='block_1_4' title="bbox 325 4247 661 4313">
    <p class='ocr_par' dir='ltr' id='par_1_5' title="bbox 325 4247 661 4313">
     <span class='ocr_line' id='line_1_34' title="bbox 325 4247 661 4313; baseline 0.003 -15"><span class='ocrx_word' id='word_1_264' title='bbox 325 4249 337 4286; x_wconf 85' lang='lat'>³</span> <span class='ocrx_word' id='word_1_265' title='bbox 353 4248 402 4299; x_wconf 86' lang='lat' dir='ltr'>Ed.</span> <span class='ocrx_word' id='word_1_266' title='bbox 414 4247 556 4313; x_wconf 83' lang='lat' dir='ltr'>Capperon‚</span> <span class='ocrx_word' id='word_1_267' title='bbox 569 4265 595 4313; x_wconf 91' lang='lat' dir='ltr'>p.</span> <span class='ocrx_word' id='word_1_268' title='bbox 606 4248 661 4299; x_wconf 78' lang='lat'><strong>428.</strong></span> 
     </span>
    </p>
   </div>
   <div class='ocr_carea' id='block_1_5' title="bbox 0 0 1526 4938">
    <p class='ocr_par' dir='ltr' id='par_1_6' title="bbox 0 0 1526 4938">
     <span class='ocr_line' id='line_1_35' title="bbox 0 0 1526 4938; baseline 0 0"><span class='ocrx_word' id='word_1_269' title='bbox 0 0 1526 4938; x_wconf 95' lang='lat' dir='ltr'> </span> 
     </span>
    </p>
   </div>
  </div>
 </body>
</html>
