3044 4938
306 351 350 399 roo
420 351 467 400 on
489 349 706 401 cronacum
728 346 971 401 onnrrouunr
994 343 1257 404 raaounurrs

305 466 425 556 luerit,
445 495 463 538 u
485 476 522 540 ut
537 469 625 540 nihil
645 493 758 564 neque
776 470 901 541 donari
921 471 986 544 sibi
1009 472 1175 561 voluerit,
1197 496 1310 568 neque
1328 475 1368 545 ab

305 584 404 666 hasta
420 585 545 656 emerit
563 609 580 653 »
601 610 608 654 :
627 589 745 681 itaque
761 608 852 656 anno
870 610 933 658 suo
953 598 987 660 et
1006 598 1219 683 quaesturam
1234 598 1268 660 et
1282 589 1368 659 aedi-

305 701 434 773 litatem
450 711 485 774 et
499 711 692 795 praeturam
707 701 922 774 obtinuerat.
940 705 984 775 At
1003 691 1122 799 quum,
1141 706 1255 776 aedilis
1268 728 1369 777 crea-

306 829 373 910 tus,
385 817 504 890 ludos¹
516 820 800 913 apparatissimos
815 821 1247 917 magnificentissimosque
1263 821 1369 896 fecis-

306 945 370 1022 set,
389 959 561 1030 quumque
575 959 645 1007 aere
665 935 781 1008 alieno
800 947 944 1030 propter
958 939 1164 1031 largitiones
1178 938 1366 1031 laboraret,

306 1079 379 1126 rem
399 1076 496 1124 suam
518 1053 661 1124 reficere
680 1077 720 1125 ac
745 1065 850 1141 stare,
875 1057 1091 1150 provinciam
1118 1056 1366 1152 depeculando,

306 1175 445 1259 statuit;
472 1181 523 1259 ot,
551 1169 722 1242 Sardiniae
750 1174 975 1266 praepositus,
1003 1173 1094 1244 hanc
1122 1177 1303 1267 regionem
1322 1173 1368 1245 ita

306 1288 445 1361 vexavit
465 1289 711 1384 perdiditque,¹
727 1299 828 1383 atque
853 1289 1022 1362 adversus
1042 1291 1174 1364 incolas
1196 1292 1246 1361 ita
1265 1312 1368 1360 arro·-

306 1415 433 1494 ganter
446 1415 480 1477 et
495 1394 687 1476 crudeliter
698 1429 775 1477 sese
788 1409 909 1498 gessit,
924 1415 962 1479 ut
977 1431 1045 1478 nen
1059 1409 1159 1478 modo
1174 1414 1270 1478 certa
1282 1429 1369 1478 ava-

308 1522 397 1594 ritiae
413 1531 636 1593 monumenta
651 1520 776 1616 ubique
795 1521 1009 1616 reliquisset,
1024 1524 1085 1594 sed
1105 1524 1223 1610 etiam,
1241 1523 1272 1592 si
1283 1523 1370 1594 Am-

307 1641 422 1710 miano
435 1634 659 1711 llarcellino²
668 1639 771 1708 fidem
783 1638 1022 1726 adhibeamus,
1036 1663 1106 1710 non
1117 1649 1255 1710 centum
1269 1648 1373 1734 atque

307 1757 432 1848 viginti
455 1756 612 1827 homines
633 1757 799 1850 potuisset
821 1756 1055 1846 denunciare,
1079 1757 1204 1850 quibus
1226 1756 1263 1826 in
1287 1780 1373 1850 pro-

306 1873 421 1942 vincia
445 1871 532 1942 nibil
555 1871 791 1944 abstinuisset.
821 1873 911 1957 Quid
938 1873 1048 1966 igitur
1079 1873 1230 1962 mirum,
1255 1874 1304 1962 si,
1331 1882 1372 1965 ut

308 1987 355 2058 ait
370 1987 554 2076 Asconius,
574 2012 592 2054 n
609 2010 714 2080 quum
730 1987 774 2058 ad
788 1987 992 2058 consulatus
1008 1989 1211 2088 petitionem
1225 1989 1373 2058 Romam

308 2104 479 2192 rediisset,
497 2103 722 2198 querentibus
737 2105 781 2176 de
795 2128 834 2174 eo
851 2104 981 2191 Sardis
1004 2127 1024 2174 a
1043 2107 1084 2174 P.
1107 2105 1252 2187 Valerio
1268 2104 1373 2174 Tria-

308 2223 379 2310 rio,
411 2220 629 2292 adolescente
651 2229 772 2312 parato
797 2220 840 2291 ad
865 2221 1048 2292 dicendum
1073 2232 1107 2293 et
1131 2231 1224 2292 notae
1246 2219 1375 2292 indus-

309 2337 398 2425 triae,
411 2363 429 2406 »
444 2334 507 2408 fuit
522 2336 640 2408 statim
651 2335 921 2429 repetundarum
932 2345 1127 2409 accusatus.
1139 2337 1171 2408 N
1175 2361 1220 2408 on
1231 2357 1376 2407 accusa-

310 2433 1373 2546 tor'tameniguorabatmagnamsibiremessesuscipiendam‚

309 2568 557 2664 quiaAEmilius
568 2567 721 2638 Scaurus
732 2591 775 2638 ex
788 2569 944 2638 uirorum
954 2569 1292 2660 gratiosissimorum
1302 2589 1377 2637 am-

309 2684 478 2780 plitudine
504 2683 705 2776 adjumenta
734 2693 767 2755 et
791 2683 955 2777 praesidia
980 2705 1141 2778 quaerere
1163 2682 1376 2777 jamdudum

309 2801 474 2896 parabat;
492 2823 628 2889 vorum,
646 2810 682 2872 ut
700 2801 920 2872 omittamrei
933 2801 1106 2895 perditam
1125 2808 1159 2870 et
1174 2800 1377 2892 complora-

309 2913 1378 3010 tamdesensionem,auctoritaterlppiiClaudiPulchriTria·

239 3107 240 3112 ,
311 3034 383 3104 rius
408 3027 578 3104 subnixus
598 3042 684 3104 erat.
708 3034 776 3103 Iste
796 3033 903 3119 enim,
930 3031 1077 3126 quodam
1097 3054 1186 3101 novo
1207 3029 1380 3102 mendacii

309 3137 442 3243 genere
457 3150 663 3241 excogitato,
682 3149 773 3244 quod
795 3173 838 3220 ex
862 3148 1037 3220 Ciceronis
1055 3145 1214 3243 epistolis
1232 3144 1378 3216 audivi--

310 3263 417 3354 mus⁸,
440 3290 517 3336 cum
540 3265 674 3336 duobus
695 3265 831 3335 AEmilii
856 3263 978 3334 Scauri
1003 3261 1287 3358 competitoribus
1303 3261 1377 3331 ini-

311 3384 511 3480 quissimam
524 3382 719 3476 pactionem
735 3380 878 3470 fecerat,
899 3387 948 3468 ut,
971 3402 1033 3472 per
1053 3378 1167 3470 legem
1187 3374 1375 3464 curiatam,

311 3525 389 3594 quae
417 3522 594 3595 nunquam
620 3498 705 3570 ferri
727 3497 894 3584 debebat,
919 3496 956 3565 in
981 3494 1153 3582 Ciliciam,
1177 3515 1282 3589 quam
1300 3493 1376 3587 ipse

311 3616 529 3709 provinciam
550 3613 763 3701 asciscebat,
790 3634 866 3682 sese
893 3608 1054 3681 conferre
1083 3618 1218 3702 posset,
1241 3616 1275 3679 et
1298 3606 1380 3679 ideo

308 3748 446 3802 'summa
464 3752 528 3824 ope
543 3729 716 3800 nitebatur
732 3735 771 3796 ut
790 3727 839 3796 M.
860 3725 1042 3813 Scaurum,
1060 3745 1162 3818 quem
1179 3721 1329 3794 aedilitas
1344 3731 1381 3792 et

347 3975 354 4006 ¹
374 3972 460 4021 oratio
474 3986 520 4035 pro
534 3971 563 4019 P.
579 3970 671 4028 Sestio,
688 3985 710 4019 e.
724 3985 776 4018 niv,

346 4053 356 4087 ²
374 4051 429 4100 Lib.
444 4051 514 4107 Vlll,
531 4065 551 4100 c.
570 4064 588 4099 r.

345 4131 419 4195 ‹tbpi
438 4131 470 4178 ad
483 4131 606 4189 Atticum,
632 4129 674 4183 lib¹
692 4132 788 4195 ll³,ep,
806 4144 873 4178 xuru
899 4134 924 4176 et
945 4143 985 4192 ep.
1013 4127 1046 4174 ad
1062 4127 1182 4186 Quintum
1205 4125 1317 4178 fratrem,
1336 4123 1382 4172 lib.

315 4213 359 4270 lll,
376 4228 394 4260 1.
794 4220 799 4226 '
