<?xml version="1.0" encoding="UTF-8"?>
<!DOCTYPE html PUBLIC "-//W3C//DTD XHTML 1.0 Transitional//EN"
    "http://www.w3.org/TR/xhtml1/DTD/xhtml1-transitional.dtd">
<html xmlns="http://www.w3.org/1999/xhtml" xml:lang="en" lang="en">
 <head>
  <title>
</title>
<meta http-equiv="Content-Type" content="text/html;charset=utf-8" />
  <meta name='ocr-system' content='tesseract 3.04.00' />
  <meta name='ocr-capabilities' content='ocr_page ocr_carea ocr_par ocr_line ocrx_word'/>
</head>
<body>
  <div class='ocr_page' id='page_1' title='image "./demarcitulliici00beligoog_0139.png"; bbox 0 0 3044 4938; ppageno 0'>
   <div class='ocr_carea' id='block_1_1' title="bbox 339 381 1291 440">
    <p class='ocr_par' dir='ltr' id='par_1_1' title="bbox 339 381 1291 440">
     <span class='ocr_line' id='line_1_1' title="bbox 339 381 1291 440; baseline 0.007 -8"><span class='ocrx_word' id='word_1_1' title='bbox 339 381 385 434; x_wconf 80' lang='grc'>118</span> <span class='ocrx_word' id='word_1_2' title='bbox 454 381 503 435; x_wconf 76' lang='lat' dir='ltr'>DE</span> <span class='ocrx_word' id='word_1_3' title='bbox 524 381 740 436; x_wconf 74' lang='lat' dir='ltr'>CICERONIS</span> <span class='ocrx_word' id='word_1_4' title='bbox 764 385 1008 440; x_wconf 78' lang='lat' dir='ltr'><strong>ORATIONUM</strong></span> <span class='ocrx_word' id='word_1_5' title='bbox 1029 387 1291 440; x_wconf 78' lang='lat' dir='ltr'><strong>FRAGMENTIS</strong></span> 
     </span>
    </p>
   </div>
   <div class='ocr_carea' id='block_1_2' title="bbox 335 502 1395 950">
    <p class='ocr_par' dir='ltr' id='par_1_2' title="bbox 335 502 1395 950">
     <span class='ocr_line' id='line_1_2' title="bbox 337 502 1394 604; baseline 0.007 -32"><span class='ocrx_word' id='word_1_6' title='bbox 337 502 572 596; x_wconf 82' lang='lat' dir='ltr'>religionibus</span> <span class='ocrx_word' id='word_1_7' title='bbox 583 505 724 580; x_wconf 89' lang='lat' dir='ltr'>violatis</span> <span class='ocrx_word' id='word_1_8' title='bbox 735 529 847 602; x_wconf 89' lang='lat' dir='ltr'>neque</span> <span class='ocrx_word' id='word_1_9' title='bbox 856 507 900 578; x_wconf 96' lang='lat' dir='ltr'>de</span> <span class='ocrx_word' id='word_1_10' title='bbox 909 507 1051 578; x_wconf 79' lang='lat' dir='ltr'>incestis</span> <span class='ocrx_word' id='word_1_11' title='bbox 1065 507 1227 603; x_wconf 90' lang='lat' dir='ltr'>stupris¹,</span> <span class='ocrx_word' id='word_1_12' title='bbox 1239 532 1303 604; x_wconf 89' lang='lat' dir='ltr'>per</span> <span class='ocrx_word' id='word_1_13' title='bbox 1313 509 1394 580; x_wconf 88' lang='lat' dir='ltr'>obli-</span> 
     </span>
     <span class='ocr_line' id='line_1_3' title="bbox 335 619 1395 719; baseline 0.006 -29"><span class='ocrx_word' id='word_1_14' title='bbox 335 619 485 708; x_wconf 89' lang='lat' dir='ltr'>vionem,</span> <span class='ocrx_word' id='word_1_15' title='bbox 506 643 582 694; x_wconf 91' lang='lat' dir='ltr'>esse</span> <span class='ocrx_word' id='word_1_16' title='bbox 602 630 775 717; x_wconf 88' lang='lat' dir='ltr'>questum,</span> <span class='ocrx_word' id='word_1_17' title='bbox 806 647 924 719; x_wconf 93' lang='lat' dir='ltr'>quum,</span> <span class='ocrx_word' id='word_1_18' title='bbox 946 624 1136 718; x_wconf 81' lang='lat' dir='ltr'>pecudibus</span> <span class='ocrx_word' id='word_1_19' title='bbox 1155 626 1262 697; x_wconf 89' lang='lat' dir='ltr'>etiam</span> <span class='ocrx_word' id='word_1_20' title='bbox 1287 625 1395 697; x_wconf 90' lang='lat' dir='ltr'>soien-</span> 
     </span>
     <span class='ocr_line' id='line_1_4' title="bbox 337 734 1395 829; baseline 0.007 -22"><span class='ocrx_word' id='word_1_21' title='bbox 337 734 460 827; x_wconf 80' lang='lat' dir='ltr'>tibus2,</span> <span class='ocrx_word' id='word_1_22' title='bbox 486 739 564 828; x_wconf 91' lang='lat' dir='ltr'>iste,</span> <span class='ocrx_word' id='word_1_23' title='bbox 586 763 656 811; x_wconf 92' lang='lat' dir='ltr'>non</span> <span class='ocrx_word' id='word_1_24' title='bbox 683 749 798 811; x_wconf 90' lang='lat' dir='ltr'>autem</span> <span class='ocrx_word' id='word_1_25' title='bbox 821 741 865 811; x_wconf 90' lang='lat' dir='ltr'>T.</span> <span class='ocrx_word' id='word_1_26' title='bbox 883 741 1034 829; x_wconf 70' lang='lat' dir='ltr'>Annius</span> <span class='ocrx_word' id='word_1_27' title='bbox 1052 741 1107 812; x_wconf 91' lang='lat' dir='ltr'>bis</span> <span class='ocrx_word' id='word_1_28' title='bbox 1126 741 1318 814; x_wconf 82' lang='lat' dir='ltr'>sceleribus</span> <span class='ocrx_word' id='word_1_29' title='bbox 1337 765 1395 814; x_wconf 91' lang='lat' dir='ltr'>ne-</span> 
     </span>
     <span class='ocr_line' id='line_1_5' title="bbox 336 851 1392 950; baseline 0.003 -25"><span class='ocrx_word' id='word_1_30' title='bbox 336 851 452 927; x_wconf 83' lang='lat' dir='ltr'>fandis</span> <span class='ocrx_word' id='word_1_31' title='bbox 470 879 547 927; x_wconf 91' lang='lat' dir='ltr'>sese</span> <span class='ocrx_word' id='word_1_32' title='bbox 573 855 801 950; x_wconf 82' lang='lat' dir='ltr'>inquinasset.</span> <span class='ocrx_word' id='word_1_33' title='bbox 827 857 962 928; x_wconf 92' lang='lat' dir='ltr'>Verum</span> <span class='ocrx_word' id='word_1_34' title='bbox 988 857 1025 926; x_wconf 91' lang='lat' dir='ltr'>in</span> <span class='ocrx_word' id='word_1_35' title='bbox 1049 857 1213 950; x_wconf 91' lang='lat' dir='ltr'>jaciendo</span> <span class='ocrx_word' id='word_1_36' title='bbox 1238 857 1392 948; x_wconf 90' lang='lat' dir='ltr'>ridiculo,</span> 
     </span>
    </p>
   </div>
   <div class='ocr_carea' id='block_1_3' title="bbox 334 972 1493 1300">
    <p class='ocr_par' dir='ltr' id='par_1_3' title="bbox 334 972 1493 1300">
     <span class='ocr_line' id='line_1_6' title="bbox 335 972 1493 1069; baseline 0 -26"><span class='ocrx_word' id='word_1_37' title='bbox 335 972 582 1069; x_wconf 83' lang='lat' dir='ltr'>quodquidam</span> <span class='ocrx_word' id='word_1_38' title='bbox 606 995 687 1044; x_wconf 92' lang='lat' dir='ltr'>raro</span> <span class='ocrx_word' id='word_1_39' title='bbox 711 975 763 1062; x_wconf 91' lang='lat' dir='ltr'>fit,</span> <span class='ocrx_word' id='word_1_40' title='bbox 787 974 1064 1047; x_wconf 77' lang='lat' dir='ltr'>moderationem</span> <span class='ocrx_word' id='word_1_41' title='bbox 1088 975 1271 1069; x_wconf 91' lang='lat' dir='ltr'>quamdam</span> <span class='ocrx_word' id='word_1_42' title='bbox 1299 974 1395 1046; x_wconf 91' lang='lat' dir='ltr'>adhi-</span> <span class='ocrx_word' id='word_1_43' title='bbox 1492 1009 1493 1024; x_wconf 31' lang='grc' dir='ltr'><strong>κ</strong></span> 
     </span>
     <span class='ocr_line' id='line_1_7' title="bbox 334 1084 1493 1184; baseline 0.003 -28"><span class='ocrx_word' id='word_1_44' title='bbox 334 1084 453 1158; x_wconf 86' lang='lat' dir='ltr'>baisse</span> <span class='ocrx_word' id='word_1_45' title='bbox 470 1084 592 1158; x_wconf 87' lang='lat' dir='ltr'>Cicero</span> <span class='ocrx_word' id='word_1_46' title='bbox 613 1088 763 1179; x_wconf 89' lang='lat' dir='ltr'>videtur,</span> <span class='ocrx_word' id='word_1_47' title='bbox 782 1089 862 1184; x_wconf 92' lang='lat' dir='ltr'>quia</span> <span class='ocrx_word' id='word_1_48' title='bbox 881 1089 1032 1183; x_wconf 86' lang='lat' dir='ltr'>insignis</span> <span class='ocrx_word' id='word_1_49' title='bbox 1053 1090 1260 1183; x_wconf 84' lang='lat' dir='ltr'>improbitas</span> <span class='ocrx_word' id='word_1_50' title='bbox 1276 1100 1310 1162; x_wconf 86' lang='lat' dir='ltr'>et</span> <span class='ocrx_word' id='word_1_51' title='bbox 1323 1113 1394 1160; x_wconf 86' lang='lat' dir='ltr'>soe-</span> <span class='ocrx_word' id='word_1_52' title='bbox 1492 1121 1493 1126; x_wconf 40' lang='lat'>¹</span> 
     </span>
     <span class='ocr_line' id='line_1_8' title="bbox 334 1200 1493 1300; baseline 0.003 -28"><span class='ocrx_word' id='word_1_53' title='bbox 334 1200 409 1274; x_wconf 89' lang='lat' dir='ltr'>lere</span> <span class='ocrx_word' id='word_1_54' title='bbox 430 1203 565 1297; x_wconf 84' lang='lat' dir='ltr'>juncta,</span> <span class='ocrx_word' id='word_1_55' title='bbox 588 1205 676 1277; x_wconf 89' lang='lat' dir='ltr'>sicut</span> <span class='ocrx_word' id='word_1_56' title='bbox 701 1207 775 1300; x_wconf 89' lang='lat' dir='ltr'>ipse</span> <span class='ocrx_word' id='word_1_57' title='bbox 799 1203 967 1293; x_wconf 80' lang='lat' dir='ltr'>edocuit³,</span> <span class='ocrx_word' id='word_1_58' title='bbox 990 1229 1060 1277; x_wconf 91' lang='lat' dir='ltr'>non</span> <span class='ocrx_word' id='word_1_59' title='bbox 1080 1204 1212 1298; x_wconf 81' lang='lat' dir='ltr'>agitata</span> <span class='ocrx_word' id='word_1_60' title='bbox 1241 1206 1391 1294; x_wconf 88' lang='lat' dir='ltr'>ridetur;</span> <span class='ocrx_word' id='word_1_61' title='bbox 1492 1237 1493 1242; x_wconf 41' lang='lat'>¹</span> 
     </span>
    </p>
   </div>
   <div class='ocr_carea' id='block_1_4' title="bbox 330 1303 1393 1882">
    <p class='ocr_par' dir='ltr' id='par_1_4' title="bbox 330 1303 1393 1882">
     <span class='ocr_line' id='line_1_9' title="bbox 333 1303 1390 1416; baseline 0.007 -29"><span class='ocrx_word' id='word_1_62' title='bbox 333 1339 418 1411; x_wconf 80' lang='lat' dir='ltr'>ergo</span> <span class='ocrx_word' id='word_1_63' title='bbox 434 1322 564 1415; x_wconf 86' lang='lat' dir='ltr'>majore</span> <span class='ocrx_word' id='word_1_64' title='bbox 577 1303 736 1416; x_wconf 74' lang='lat' dir='ltr'>vi⁴quam</span> <span class='ocrx_word' id='word_1_65' title='bbox 758 1322 898 1394; x_wconf 88' lang='lat' dir='ltr'>ridiculi</span> <span class='ocrx_word' id='word_1_66' title='bbox 912 1323 1156 1394; x_wconf 87' lang='lat' dir='ltr'>adversarium</span> <span class='ocrx_word' id='word_1_67' title='bbox 1172 1322 1390 1410; x_wconf 84' lang='lat' dir='ltr'>vulnerabat,</span> 
     </span>
     <span class='ocr_line' id='line_1_10' title="bbox 332 1433 1393 1534; baseline 0.004 -30"><span class='ocrx_word' id='word_1_68' title='bbox 332 1433 549 1508; x_wconf 86' lang='lat' dir='ltr'>denuncians</span> <span class='ocrx_word' id='word_1_69' title='bbox 562 1460 774 1534; x_wconf 85' lang='lat' dir='ltr'>quocumque</span> <span class='ocrx_word' id='word_1_70' title='bbox 792 1447 938 1514; x_wconf 85' lang='lat' dir='ltr'>venerat</span> <span class='ocrx_word' id='word_1_71' title='bbox 957 1447 992 1512; x_wconf 89' lang='lat' dir='ltr'>ct</span> <span class='ocrx_word' id='word_1_72' title='bbox 1010 1461 1153 1510; x_wconf 89' lang='lat' dir='ltr'>reorum</span> <span class='ocrx_word' id='word_1_73' title='bbox 1171 1440 1305 1510; x_wconf 90' lang='lat' dir='ltr'>crimen</span> <span class='ocrx_word' id='word_1_74' title='bbox 1324 1461 1393 1509; x_wconf 88' lang='lat' dir='ltr'>esse</span> 
     </span>
     <span class='ocr_line' id='line_1_11' title="bbox 332 1553 1393 1652; baseline 0.001 -29"><span class='ocrx_word' id='word_1_75' title='bbox 332 1563 366 1625; x_wconf 89' lang='lat' dir='ltr'>et</span> <span class='ocrx_word' id='word_1_76' title='bbox 376 1553 546 1646; x_wconf 89' lang='lat' dir='ltr'>judicum.</span> <span class='ocrx_word' id='word_1_77' title='bbox 564 1553 621 1642; x_wconf 84' lang='lat' dir='ltr'>At,</span> <span class='ocrx_word' id='word_1_78' title='bbox 640 1565 827 1652; x_wconf 89' lang='lat' dir='ltr'>propterea</span> <span class='ocrx_word' id='word_1_79' title='bbox 844 1555 947 1650; x_wconf 91' lang='lat' dir='ltr'>quod,</span> <span class='ocrx_word' id='word_1_80' title='bbox 966 1555 1060 1648; x_wconf 90' lang='lat' dir='ltr'>apud</span> <span class='ocrx_word' id='word_1_81' title='bbox 1074 1564 1233 1628; x_wconf 88' lang='lat' dir='ltr'>senatum</span> <span class='ocrx_word' id='word_1_82' title='bbox 1244 1555 1393 1627; x_wconf 88' lang='lat' dir='ltr'>interro-</span> 
     </span>
     <span class='ocr_line' id='line_1_12' title="bbox 330 1669 1392 1766; baseline -0.001 -26"><span class='ocrx_word' id='word_1_83' title='bbox 330 1669 458 1760; x_wconf 82' lang='lat' dir='ltr'>gand0,</span> <span class='ocrx_word' id='word_1_84' title='bbox 482 1669 525 1756; x_wconf 92' lang='lat' dir='ltr'>ei,</span> <span class='ocrx_word' id='word_1_85' title='bbox 548 1669 669 1742; x_wconf 92' lang='lat' dir='ltr'>sinon</span> <span class='ocrx_word' id='word_1_86' title='bbox 695 1671 901 1766; x_wconf 87' lang='lat' dir='ltr'>praecidere,</span> <span class='ocrx_word' id='word_1_87' title='bbox 925 1671 1134 1742; x_wconf 86' lang='lat' dir='ltr'>imminuere</span> <span class='ocrx_word' id='word_1_88' title='bbox 1157 1669 1283 1742; x_wconf 89' lang='lat' dir='ltr'>saltem</span> <span class='ocrx_word' id='word_1_89' title='bbox 1302 1694 1392 1764; x_wconf 91' lang='lat' dir='ltr'>spem</span> 
     </span>
     <span class='ocr_line' id='line_1_13' title="bbox 330 1786 1392 1882; baseline 0.003 -29"><span class='ocrx_word' id='word_1_90' title='bbox 330 1793 497 1878; x_wconf 88' lang='lat' dir='ltr'>praeturae</span> <span class='ocrx_word' id='word_1_91' title='bbox 513 1786 744 1879; x_wconf 86' lang='lat' dir='ltr'>adipiscendae</span> <span class='ocrx_word' id='word_1_92' title='bbox 762 1787 934 1882; x_wconf 90' lang='lat' dir='ltr'>imprimis</span> <span class='ocrx_word' id='word_1_93' title='bbox 948 1796 1169 1880; x_wconf 88' lang='lat' dir='ltr'>concuperet‚</span> <span class='ocrx_word' id='word_1_94' title='bbox 1187 1796 1320 1857; x_wconf 91' lang='lat' dir='ltr'>metum</span> <span class='ocrx_word' id='word_1_95' title='bbox 1339 1791 1392 1858; x_wconf 87' lang='lat' dir='ltr'>in-</span> 
     </span>
    </p>
   </div>
   <div class='ocr_carea' id='block_1_5' title="bbox 329 1900 1493 2113">
    <p class='ocr_par' dir='ltr' id='par_1_5' title="bbox 329 1900 1493 2113">
     <span class='ocr_line' id='line_1_14' title="bbox 330 1900 1493 1996; baseline 0.003 -27"><span class='ocrx_word' id='word_1_96' title='bbox 330 1900 482 1972; x_wconf 89' lang='lat' dir='ltr'>cutiebat</span> <span class='ocrx_word' id='word_1_97' title='bbox 492 1902 712 1974; x_wconf 88' lang='lat' dir='ltr'>audientibus</span> <span class='ocrx_word' id='word_1_98' title='bbox 726 1903 770 1974; x_wconf 93' lang='lat' dir='ltr'>de</span> <span class='ocrx_word' id='word_1_99' title='bbox 783 1903 1051 1976; x_wconf 88' lang='lat' dir='ltr'>luctuosissimis</span> <span class='ocrx_word' id='word_1_100' title='bbox 1065 1901 1290 1994; x_wconf 82' lang='lat' dir='ltr'>istislegibus</span> <span class='ocrx_word' id='word_1_101' title='bbox 1300 1927 1393 1996; x_wconf 85' lang='lat' dir='ltr'>prae-</span> <span class='ocrx_word' id='word_1_102' title='bbox 1492 1939 1493 1986; x_wconf 64' lang='lat' dir='ltr'>t</span> 
     </span>
     <span class='ocr_line' id='line_1_15' title="bbox 329 2017 1389 2113; baseline 0.004 -26"><span class='ocrx_word' id='word_1_103' title='bbox 329 2017 527 2090; x_wconf 88' lang='lat' dir='ltr'>nunciando</span> <span class='ocrx_word' id='word_1_104' title='bbox 548 2042 625 2113; x_wconf 91' lang='lat' dir='ltr'>quae</span> <span class='ocrx_word' id='word_1_105' title='bbox 645 2019 719 2112; x_wconf 90' lang='lat' dir='ltr'>jam</span> <span class='ocrx_word' id='word_1_106' title='bbox 742 2020 780 2091; x_wconf 92' lang='lat' dir='ltr'>in</span> <span class='ocrx_word' id='word_1_107' title='bbox 806 2020 908 2093; x_wconf 91' lang='lat' dir='ltr'>domo</span> <span class='ocrx_word' id='word_1_108' title='bbox 927 2022 968 2092; x_wconf 90' lang='grc' dir='ltr'>Ρ.</span> <span class='ocrx_word' id='word_1_109' title='bbox 996 2019 1108 2090; x_wconf 85' lang='lat' dir='ltr'>Clodii</span> <span class='ocrx_word' id='word_1_110' title='bbox 1130 2019 1389 2112; x_wconf 81' lang='lat' dir='ltr'>incidebantur3</span> 
     </span>
    </p>
   </div>
   <div class='ocr_carea' id='block_1_6' title="bbox 328 2134 1391 2346">
    <p class='ocr_par' dir='ltr' id='par_1_6' title="bbox 328 2134 1391 2346">
     <span class='ocr_line' id='line_1_16' title="bbox 328 2134 1391 2232; baseline 0.005 -29"><span class='ocrx_word' id='word_1_111' title='bbox 328 2149 369 2204; x_wconf 88' lang='lat' dir='ltr'>ac</span> <span class='ocrx_word' id='word_1_112' title='bbox 400 2135 504 2206; x_wconf 90' lang='lat' dir='ltr'>minis</span> <span class='ocrx_word' id='word_1_113' title='bbox 531 2135 686 2207; x_wconf 88' lang='lat' dir='ltr'>eumdem</span> <span class='ocrx_word' id='word_1_114' title='bbox 711 2135 849 2232; x_wconf 87' lang='lat' dir='ltr'>insequi</span> <span class='ocrx_word' id='word_1_115' title='bbox 876 2161 947 2208; x_wconf 92' lang='lat' dir='ltr'>non</span> <span class='ocrx_word' id='word_1_116' title='bbox 974 2134 1164 2223; x_wconf 82' lang='lat' dir='ltr'>dubitabat,</span> <span class='ocrx_word' id='word_1_117' title='bbox 1190 2135 1391 2208; x_wconf 89' lang='lat' dir='ltr'>affirmando</span> 
     </span>
     <span class='ocr_line' id='line_1_17' title="bbox 328 2249 1389 2346; baseline 0.004 -26"><span class='ocrx_word' id='word_1_118' title='bbox 328 2271 427 2322; x_wconf 91' lang='lat' dir='ltr'>suam</span> <span class='ocrx_word' id='word_1_119' title='bbox 454 2250 560 2322; x_wconf 86' lang='lat' dir='ltr'>istum</span> <span class='ocrx_word' id='word_1_120' title='bbox 582 2259 774 2345; x_wconf 89' lang='lat' dir='ltr'>praeturam</span> <span class='ocrx_word' id='word_1_121' title='bbox 800 2251 1032 2346; x_wconf 91' lang='lat' dir='ltr'>nequidquam</span> <span class='ocrx_word' id='word_1_122' title='bbox 1056 2249 1165 2322; x_wconf 91' lang='lat' dir='ltr'>semel</span> <span class='ocrx_word' id='word_1_123' title='bbox 1192 2250 1389 2341; x_wconf 83' lang='lat' dir='ltr'>distulisse,</span> 
     </span>
    </p>
   </div>
   <div class='ocr_carea' id='block_1_7' title="bbox 328 2363 1389 2461">
    <p class='ocr_par' dir='ltr' id='par_1_7' title="bbox 328 2357 1493 2461">
     <span class='ocr_line' id='line_1_18' title="bbox 328 2363 1389 2461; baseline -0.005 -24"><span class='ocrx_word' id='word_1_124' title='bbox 328 2388 447 2460; x_wconf 90' lang='lat' dir='ltr'>quum,</span> <span class='ocrx_word' id='word_1_125' title='bbox 464 2365 630 2461; x_wconf 91' lang='lat' dir='ltr'>quidquid</span> <span class='ocrx_word' id='word_1_126' title='bbox 649 2367 855 2438; x_wconf 89' lang='lat' dir='ltr'>auctoritate</span> <span class='ocrx_word' id='word_1_127' title='bbox 875 2375 909 2438; x_wconf 91' lang='lat' dir='ltr'>et</span> <span class='ocrx_word' id='word_1_128' title='bbox 927 2365 1065 2438; x_wconf 91' lang='lat' dir='ltr'>dicendi</span> <span class='ocrx_word' id='word_1_129' title='bbox 1082 2363 1247 2436; x_wconf 85' lang='lat' dir='ltr'>facultate</span> <span class='ocrx_word' id='word_1_130' title='bbox 1261 2375 1389 2460; x_wconf 88' lang='lat' dir='ltr'>posset,</span> 
     </span>
    </p>
   </div>
   <div class='ocr_carea' id='block_1_8' title="bbox 321 2480 1392 3738">
    <p class='ocr_par' dir='ltr' id='par_1_8' title="bbox 321 2480 1392 3738">
     <span class='ocr_line' id='line_1_19' title="bbox 326 2480 1392 2577; baseline 0.002 -25"><span class='ocrx_word' id='word_1_131' title='bbox 326 2480 362 2552; x_wconf 94' lang='lat' dir='ltr'>id</span> <span class='ocrx_word' id='word_1_132' title='bbox 380 2505 482 2553; x_wconf 92' lang='lat' dir='ltr'>omne</span> <span class='ocrx_word' id='word_1_133' title='bbox 502 2483 538 2553; x_wconf 94' lang='lat' dir='ltr'>in</span> <span class='ocrx_word' id='word_1_134' title='bbox 552 2481 647 2554; x_wconf 93' lang='lat' dir='ltr'>illius</span> <span class='ocrx_word' id='word_1_135' title='bbox 665 2485 887 2577; x_wconf 81' lang='lat' dir='ltr'>rogationum</span> <span class='ocrx_word' id='word_1_136' title='bbox 906 2483 1161 2556; x_wconf 86' lang='lat' dir='ltr'>dissuasionem</span> <span class='ocrx_word' id='word_1_137' title='bbox 1177 2482 1254 2577; x_wconf 87' lang='lat' dir='ltr'>ipse</span> <span class='ocrx_word' id='word_1_138' title='bbox 1269 2507 1308 2554; x_wconf 90' lang='lat' dir='ltr'>se</span> <span class='ocrx_word' id='word_1_139' title='bbox 1318 2507 1392 2554; x_wconf 88' lang='lat' dir='ltr'>esse</span> 
     </span>
     <span class='ocr_line' id='line_1_20' title="bbox 326 2597 1391 2696; baseline -0.001 -25"><span class='ocrx_word' id='word_1_140' title='bbox 326 2598 525 2671; x_wconf 89' lang='lat' dir='ltr'>delaturum</span> <span class='ocrx_word' id='word_1_141' title='bbox 536 2600 612 2693; x_wconf 86' lang='lat' dir='ltr'>jam</span> <span class='ocrx_word' id='word_1_142' title='bbox 636 2601 860 2694; x_wconf 88' lang='lat' dir='ltr'>polliceretur</span> <span class='ocrx_word' id='word_1_143' title='bbox 879 2627 886 2672; x_wconf 93' lang='lat'><strong>:</strong></span> <span class='ocrx_word' id='word_1_144' title='bbox 905 2597 1140 2696; x_wconf 76' lang='lat' dir='ltr'>quae&#39;quidem</span> <span class='ocrx_word' id='word_1_145' title='bbox 1158 2609 1331 2694; x_wconf 90' lang='lat' dir='ltr'>apparent</span> <span class='ocrx_word' id='word_1_146' title='bbox 1349 2624 1391 2671; x_wconf 82' lang='lat' dir='ltr'>ex</span> 
     </span>
     <span class='ocr_line' id='line_1_21' title="bbox 325 2711 1391 2812; baseline -0.004 -26"><span class='ocrx_word' id='word_1_147' title='bbox 325 2715 379 2786; x_wconf 91' lang='lat' dir='ltr'>his</span> <span class='ocrx_word' id='word_1_148' title='bbox 396 2711 607 2809; x_wconf 83' lang='lat' dir='ltr'>fragmentis</span> <span class='ocrx_word' id='word_1_149' title='bbox 634 2741 641 2787; x_wconf 93' lang='lat'><strong>:</strong></span> <span class='ocrx_word' id='word_1_150' title='bbox 670 2741 688 2786; x_wconf 91' lang='lat'>«</span> <span class='ocrx_word' id='word_1_151' title='bbox 715 2715 898 2812; x_wconf 89' lang='lat' dir='ltr'>Tuamque</span> <span class='ocrx_word' id='word_1_152' title='bbox 920 2723 1126 2810; x_wconf 89' lang='lat' dir='ltr'>praeturam,</span> <span class='ocrx_word' id='word_1_153' title='bbox 1151 2721 1216 2784; x_wconf 91' lang='lat' dir='ltr'>etc.</span> <span class='ocrx_word' id='word_1_154' title='bbox 1245 2757 1291 2766; x_wconf 82' lang='lat'>--</span> <span class='ocrx_word' id='word_1_155' title='bbox 1318 2715 1391 2786; x_wconf 93' lang='lat' dir='ltr'>Nec</span> 
     </span>
     <span class='ocr_line' id='line_1_22' title="bbox 324 2827 1387 2926; baseline -0.003 -23"><span class='ocrx_word' id='word_1_156' title='bbox 324 2832 493 2926; x_wconf 82' lang='lat' dir='ltr'>suffragia</span> <span class='ocrx_word' id='word_1_157' title='bbox 531 2833 653 2921; x_wconf 91' lang='lat' dir='ltr'>dabis,</span> <span class='ocrx_word' id='word_1_158' title='bbox 684 2841 750 2906; x_wconf 89' lang='lat' dir='ltr'>etc.</span> <span class='ocrx_word' id='word_1_159' title='bbox 781 2873 832 2887; x_wconf 89' lang='lat'>—</span> <span class='ocrx_word' id='word_1_160' title='bbox 857 2833 933 2904; x_wconf 92' lang='lat' dir='ltr'>Nec</span> <span class='ocrx_word' id='word_1_161' title='bbox 955 2854 1040 2903; x_wconf 83' lang='lat' dir='ltr'>vero</span> <span class='ocrx_word' id='word_1_162' title='bbox 1067 2829 1168 2900; x_wconf 90' lang='lat' dir='ltr'>illam</span> <span class='ocrx_word' id='word_1_163' title='bbox 1195 2827 1387 2916; x_wconf 89' lang='lat' dir='ltr'>nefariam,</span> 
     </span>
     <span class='ocr_line' id='line_1_23' title="bbox 324 2945 1390 3043; baseline -0.007 -23"><span class='ocrx_word' id='word_1_164' title='bbox 324 2955 390 3020; x_wconf 86' lang='lat' dir='ltr'>etc.</span> <span class='ocrx_word' id='word_1_165' title='bbox 419 2973 437 3018; x_wconf 79' lang='lat' dir='ltr'>u</span> <span class='ocrx_word' id='word_1_166' title='bbox 463 2951 504 3020; x_wconf 93' lang='lat' dir='ltr'>P.</span> <span class='ocrx_word' id='word_1_167' title='bbox 529 2949 645 3021; x_wconf 85' lang='lat' dir='ltr'>Clodio</span> <span class='ocrx_word' id='word_1_168' title='bbox 671 2949 720 3021; x_wconf 88' lang='lat' dir='ltr'>ita</span> <span class='ocrx_word' id='word_1_169' title='bbox 744 2949 903 3043; x_wconf 92' lang='lat' dir='ltr'>perculso</span> <span class='ocrx_word' id='word_1_170' title='bbox 922 2945 1133 3041; x_wconf 87' lang='lat' dir='ltr'>afflictoque,</span> <span class='ocrx_word' id='word_1_171' title='bbox 1165 2945 1286 3018; x_wconf 85' lang='lat' dir='ltr'>Cicero</span> <span class='ocrx_word' id='word_1_172' title='bbox 1309 2945 1390 3018; x_wconf 86' lang='lat' dir='ltr'>reli-</span> 
     </span>
     <span class='ocr_line' id='line_1_24' title="bbox 324 3063 1389 3159; baseline -0.002 -25"><span class='ocrx_word' id='word_1_173' title='bbox 324 3087 430 3159; x_wconf 92' lang='lat' dir='ltr'>quum</span> <span class='ocrx_word' id='word_1_174' title='bbox 450 3088 526 3137; x_wconf 88' lang='lat' dir='ltr'>esse</span> <span class='ocrx_word' id='word_1_175' title='bbox 545 3066 613 3136; x_wconf 93' lang='lat' dir='ltr'>sibi</span> <span class='ocrx_word' id='word_1_176' title='bbox 632 3066 798 3138; x_wconf 89' lang='lat' dir='ltr'>credebat</span> <span class='ocrx_word' id='word_1_177' title='bbox 817 3075 855 3138; x_wconf 86' lang='lat' dir='ltr'>ut</span> <span class='ocrx_word' id='word_1_178' title='bbox 879 3090 957 3138; x_wconf 90' lang='lat' dir='ltr'>cum</span> <span class='ocrx_word' id='word_1_179' title='bbox 979 3087 1042 3136; x_wconf 92' lang='lat' dir='ltr'>sua</span> <span class='ocrx_word' id='word_1_180' title='bbox 1065 3065 1139 3134; x_wconf 91' lang='lat' dir='ltr'>vita</span> <span class='ocrx_word' id='word_1_181' title='bbox 1157 3063 1267 3134; x_wconf 85' lang='lat' dir='ltr'>vitam</span> <span class='ocrx_word' id='word_1_182' title='bbox 1287 3064 1389 3135; x_wconf 88' lang='lat' dir='ltr'>istius</span> 
     </span>
     <span class='ocr_line' id='line_1_25' title="bbox 323 3176 1389 3274; baseline 0.001 -25"><span class='ocrx_word' id='word_1_183' title='bbox 323 3176 513 3268; x_wconf 90' lang='lat' dir='ltr'>conferret,</span> <span class='ocrx_word' id='word_1_184' title='bbox 532 3204 597 3274; x_wconf 92' lang='lat' dir='ltr'>qno</span> <span class='ocrx_word' id='word_1_185' title='bbox 614 3181 741 3252; x_wconf 85' lang='lat' dir='ltr'>certius</span> <span class='ocrx_word' id='word_1_186' title='bbox 759 3183 850 3252; x_wconf 91' lang='lat' dir='ltr'>eiad</span> <span class='ocrx_word' id='word_1_187' title='bbox 869 3203 989 3252; x_wconf 88' lang='lat' dir='ltr'>omnes</span> <span class='ocrx_word' id='word_1_188' title='bbox 1007 3179 1147 3250; x_wconf 86' lang='lat' dir='ltr'>afferret</span> <span class='ocrx_word' id='word_1_189' title='bbox 1163 3180 1389 3273; x_wconf 89' lang='lat' dir='ltr'>contemptio-</span> 
     </span>
     <span class='ocr_line' id='line_1_26' title="bbox 323 3294 1387 3391; baseline 0 -26"><span class='ocrx_word' id='word_1_190' title='bbox 323 3318 414 3366; x_wconf 88' lang='lat' dir='ltr'>nem.</span> <span class='ocrx_word' id='word_1_191' title='bbox 433 3297 544 3368; x_wconf 91' lang='lat' dir='ltr'>Nemo</span> <span class='ocrx_word' id='word_1_192' title='bbox 560 3303 675 3367; x_wconf 90' lang='lat' dir='ltr'>autem</span> <span class='ocrx_word' id='word_1_193' title='bbox 690 3320 760 3368; x_wconf 93' lang='lat' dir='ltr'>non</span> <span class='ocrx_word' id='word_1_194' title='bbox 774 3296 873 3367; x_wconf 89' lang='lat' dir='ltr'>novit</span> <span class='ocrx_word' id='word_1_195' title='bbox 886 3318 990 3391; x_wconf 90' lang='lat' dir='ltr'>quam</span> <span class='ocrx_word' id='word_1_196' title='bbox 1005 3295 1152 3366; x_wconf 89' lang='lat' dir='ltr'>mirifice</span> <span class='ocrx_word' id='word_1_197' title='bbox 1166 3294 1260 3365; x_wconf 91' lang='lat' dir='ltr'>hunc</span> <span class='ocrx_word' id='word_1_198' title='bbox 1274 3294 1387 3365; x_wconf 90' lang='lat' dir='ltr'>locum</span> 
     </span>
     <span class='ocr_line' id='line_1_27' title="bbox 322 3407 1386 3504; baseline -0.004 -23"><span class='ocrx_word' id='word_1_199' title='bbox 322 3412 359 3483; x_wconf 93' lang='lat' dir='ltr'>in</span> <span class='ocrx_word' id='word_1_200' title='bbox 388 3413 460 3484; x_wconf 90' lang='lat' dir='ltr'>suis</span> <span class='ocrx_word' id='word_1_201' title='bbox 487 3410 704 3482; x_wconf 90' lang='lat' dir='ltr'>orationibus</span> <span class='ocrx_word' id='word_1_202' title='bbox 730 3409 944 3504; x_wconf 88' lang='lat' dir='ltr'>amplificare</span> <span class='ocrx_word' id='word_1_203' title='bbox 972 3408 1094 3479; x_wconf 82' lang='lat' dir='ltr'>Cicero</span> <span class='ocrx_word' id='word_1_204' title='bbox 1118 3416 1210 3480; x_wconf 90' lang='lat' dir='ltr'>esset</span> <span class='ocrx_word' id='word_1_205' title='bbox 1237 3407 1386 3491; x_wconf 74' lang='lat' dir='ltr'>solitus3</span> 
     </span>
     <span class='ocr_line' id='line_1_28' title="bbox 322 3523 1387 3623; baseline -0.009 -23"><span class='ocrx_word' id='word_1_206' title='bbox 322 3530 460 3623; x_wconf 88' lang='lat' dir='ltr'>itaque,</span> <span class='ocrx_word' id='word_1_207' title='bbox 503 3528 568 3600; x_wconf 86' lang='lat' dir='ltr'>etsi</span> <span class='ocrx_word' id='word_1_208' title='bbox 603 3526 843 3599; x_wconf 87' lang='lat' dir='ltr'>tantummodo</span> <span class='ocrx_word' id='word_1_209' title='bbox 872 3525 1001 3618; x_wconf 88' lang='lat' dir='ltr'>aliquot</span> <span class='ocrx_word' id='word_1_210' title='bbox 1028 3547 1153 3595; x_wconf 88' lang='lat' dir='ltr'>versus</span> <span class='ocrx_word' id='word_1_211' title='bbox 1191 3523 1387 3595; x_wconf 88' lang='lat' dir='ltr'>servaverit</span> 
     </span>
     <span class='ocr_line' id='line_1_29' title="bbox 321 3638 1387 3738; baseline -0.007 -24"><span class='ocrx_word' id='word_1_212' title='bbox 321 3641 508 3716; x_wconf 89' lang='lat' dir='ltr'>scholiasta</span> <span class='ocrx_word' id='word_1_213' title='bbox 523 3639 740 3730; x_wconf 61' lang='lat' dir='ltr'>Bobiensisf,</span> <span class='ocrx_word' id='word_1_214' title='bbox 761 3641 886 3738; x_wconf 90' lang='lat' dir='ltr'>quibus</span> <span class='ocrx_word' id='word_1_215' title='bbox 904 3649 937 3709; x_wconf 89' lang='lat' dir='ltr'>et</span> <span class='ocrx_word' id='word_1_216' title='bbox 951 3638 1061 3712; x_wconf 89' lang='lat' dir='ltr'>Clodii</span> <span class='ocrx_word' id='word_1_217' title='bbox 1077 3638 1240 3732; x_wconf 75' lang='lat' dir='ltr'>pueritiae</span> <span class='ocrx_word' id='word_1_218' title='bbox 1255 3648 1289 3711; x_wconf 85' lang='lat' dir='ltr'>et</span> <span class='ocrx_word' id='word_1_219' title='bbox 1301 3662 1387 3736; x_wconf 93' lang='lat' dir='ltr'>prc-</span> 
     </span>
    </p>
   </div>
   <div class='ocr_carea' id='block_1_9' title="bbox 349 3919 1197 4068">
    <p class='ocr_par' dir='ltr' id='par_1_9' title="bbox 349 3919 1197 4068">
     <span class='ocr_line' id='line_1_30' title="bbox 351 3919 1197 3987; baseline 0.006 -20"><span class='ocrx_word' id='word_1_220' title='bbox 351 3921 361 3956; x_wconf 89' lang='lat'>¹</span> <span class='ocrx_word' id='word_1_221' title='bbox 378 3935 391 3967; x_wconf 82' lang='lat' dir='ltr'>u</span> <span class='ocrx_word' id='word_1_222' title='bbox 405 3919 508 3972; x_wconf 88' lang='lat' dir='ltr'>Etenim</span> <span class='ocrx_word' id='word_1_223' title='bbox 521 3919 580 3980; x_wconf 84' lang='lat' dir='ltr'>uia,</span> <span class='ocrx_word' id='word_1_224' title='bbox 590 3925 618 3970; x_wconf 86' lang='lat' dir='ltr'>ut</span> <span class='ocrx_word' id='word_1_225' title='bbox 630 3921 728 3987; x_wconf 86' lang='lat' dir='ltr'>opinor,</span> <span class='ocrx_word' id='word_1_226' title='bbox 738 3921 794 3972; x_wconf 83' lang='lat' dir='ltr'>baec</span> <span class='ocrx_word' id='word_1_227' title='bbox 808 3922 834 3971; x_wconf 93' lang='lat' dir='ltr'>in</span> <span class='ocrx_word' id='word_1_228' title='bbox 850 3922 953 3972; x_wconf 89' lang='lat' dir='ltr'>Milonis</span> <span class='ocrx_word' id='word_1_229' title='bbox 966 3935 1108 3987; x_wconf 86' lang='lat' dir='ltr'>personam,</span> <span class='ocrx_word' id='word_1_230' title='bbox 1125 3927 1197 3972; x_wconf 75' lang='lat' dir='ltr'>reto.</span> 
     </span>
     <span class='ocr_line' id='line_1_31' title="bbox 349 4000 827 4068; baseline 0.004 -18"><span class='ocrx_word' id='word_1_231' title='bbox 349 4000 361 4036; x_wconf 78' lang='lat'><strong><em>2</em></strong></span> <span class='ocrx_word' id='word_1_232' title='bbox 376 4001 422 4066; x_wconf 84' lang='lat' dir='ltr'>Ep.</span> <span class='ocrx_word' id='word_1_233' title='bbox 440 4001 472 4050; x_wconf 88' lang='lat' dir='ltr'>ad</span> <span class='ocrx_word' id='word_1_234' title='bbox 485 4001 607 4060; x_wconf 79' lang='lat' dir='ltr'>Atticum,</span> <span class='ocrx_word' id='word_1_235' title='bbox 622 4001 667 4051; x_wconf 92' lang='lat' dir='ltr'>lib.</span> <span class='ocrx_word' id='word_1_236' title='bbox 684 4004 703 4060; x_wconf 89' lang='lat' dir='ltr'>l,</span> <span class='ocrx_word' id='word_1_237' title='bbox 714 4018 754 4068; x_wconf 91' lang='lat' dir='ltr'>ep.</span> <span class='ocrx_word' id='word_1_238' title='bbox 769 4018 827 4052; x_wconf 85' lang='lat' dir='ltr'>xvr.</span> 
     </span>
    </p>
   </div>
   <div class='ocr_carea' id='block_1_10' title="bbox 318 4079 1382 4302">
    <p class='ocr_par' dir='ltr' id='par_1_10' title="bbox 318 4079 1382 4302">
     <span class='ocr_line' id='line_1_32' title="bbox 349 4079 731 4140; baseline -0.005 -10"><span class='ocrx_word' id='word_1_239' title='bbox 349 4081 361 4117; x_wconf 81' lang='grc'><strong>3</strong></span> <span class='ocrx_word' id='word_1_240' title='bbox 377 4081 414 4130; x_wconf 88' lang='lat' dir='ltr'>Dc</span> <span class='ocrx_word' id='word_1_241' title='bbox 428 4081 544 4139; x_wconf 86' lang='lat' dir='ltr'>Oratore,</span> <span class='ocrx_word' id='word_1_242' title='bbox 556 4079 599 4130; x_wconf 91' lang='lat' dir='ltr'>lib.</span> <span class='ocrx_word' id='word_1_243' title='bbox 614 4081 646 4140; x_wconf 91' lang='lat' dir='ltr'>ll,</span> <span class='ocrx_word' id='word_1_244' title='bbox 656 4096 678 4129; x_wconf 86' lang='lat' dir='ltr'>c.</span> <span class='ocrx_word' id='word_1_245' title='bbox 693 4081 731 4131; x_wconf 82' lang='lat'>58.</span> 
     </span>
     <span class='ocr_line' id='line_1_33' title="bbox 350 4155 1382 4240; baseline -0.003 -30"><span class='ocrx_word' id='word_1_246' title='bbox 350 4163 360 4199; x_wconf 82' lang='lat'><strong>⁴</strong></span> <span class='ocrx_word' id='word_1_247' title='bbox 377 4160 465 4220; x_wconf 74' lang='lat' dir='ltr'>«Quis</span> <span class='ocrx_word' id='word_1_248' title='bbox 476 4175 527 4210; x_wconf 93' lang='lat' dir='ltr'>non</span> <span class='ocrx_word' id='word_1_249' title='bbox 541 4159 693 4219; x_wconf 83' lang='lat' dir='ltr'>meminerit,</span> <span class='ocrx_word' id='word_1_250' title='bbox 707 4177 720 4208; x_wconf 82' lang='lat' dir='ltr'>u</span> <span class='ocrx_word' id='word_1_251' title='bbox 736 4164 784 4214; x_wconf 86' lang='lat' dir='ltr'>etc.</span> <span class='ocrx_word' id='word_1_252' title='bbox 806 4187 834 4196; x_wconf 90' lang='lat'>—</span> <span class='ocrx_word' id='word_1_253' title='bbox 851 4175 864 4206; x_wconf 81' lang='lat' dir='ltr'>c</span> <span class='ocrx_word' id='word_1_254' title='bbox 880 4159 975 4213; x_wconf 80' lang='lat' dir='ltr'>lterum</span> <span class='ocrx_word' id='word_1_255' title='bbox 991 4173 1006 4209; x_wconf 90' lang='lat' dir='ltr'>a</span> <span class='ocrx_word' id='word_1_256' title='bbox 1025 4158 1124 4228; x_wconf 85' lang='lat' dir='ltr'>piratis,</span> <span class='ocrx_word' id='word_1_257' title='bbox 1144 4175 1157 4206; x_wconf 76' lang='lat' dir='ltr'>u</span> <span class='ocrx_word' id='word_1_258' title='bbox 1179 4163 1228 4240; x_wconf 75' lang='lat' dir='ltr'>etc,</span> <span class='ocrx_word' id='word_1_259' title='bbox 1244 4186 1271 4194; x_wconf 96' lang='lat'>-</span> <span class='ocrx_word' id='word_1_260' title='bbox 1296 4175 1308 4205; x_wconf 73' lang='lat' dir='ltr'>a</span> <span class='ocrx_word' id='word_1_261' title='bbox 1327 4155 1382 4212; x_wconf 87' lang='lat' dir='ltr'>Nisi</span> 
     </span>
     <span class='ocr_line' id='line_1_34' title="bbox 318 4240 641 4302; baseline 0.006 -11"><span class='ocrx_word' id='word_1_262' title='bbox 318 4257 378 4294; x_wconf 83' lang='lat' dir='ltr'>vero</span> <span class='ocrx_word' id='word_1_263' title='bbox 387 4240 555 4302; x_wconf 85' lang='lat' dir='ltr'>lineamentis,</span> <span class='ocrx_word' id='word_1_264' title='bbox 566 4257 579 4287; x_wconf 78' lang='lat' dir='ltr'>u</span> <span class='ocrx_word' id='word_1_265' title='bbox 592 4244 641 4293; x_wconf 80' lang='lat' dir='ltr'>etc.</span> 
     </span>
    </p>
   </div>
   <div class='ocr_carea' id='block_1_11' title="bbox 0 0 1526 4938">
    <p class='ocr_par' dir='ltr' id='par_1_11' title="bbox 0 0 1526 4938">
     <span class='ocr_line' id='line_1_35' title="bbox 0 0 1526 4938; baseline 0 6"><span class='ocrx_word' id='word_1_266' title='bbox 0 0 1526 4938; x_wconf 95' lang='lat' dir='ltr'> </span> 
     </span>
    </p>
   </div>
  </div>
 </body>
</html>
