3044 4938
303 425 349 478 116
422 425 471 476 ΟΕ
492 421 703 476 CICERONIS
727 424 970 478 ORATION‘UM
992 424 1256 478 subeuntibus

302 542 427 636 glectis
444 542 648 639 conqueri¹.
670 568 688 611 u
712 544 804 616 Nam
820 553 932 638 ‘aeque
950 543 1123 640 imprimis
1144 546 1273 616 mirmn
1295 567 1370 624 esse

304 657 487 732 videbatur
503 659 595 755 quod
611 659 690 747 iste,
707 660 764 754 qui
793 659 981 756 lapidibus,
1005 661 1064 755 qui
1081 657 1179 730 ferro
1197 661 1293 734 ciros
1310 657 1328 730 f
1350 703 1369 714 -

302 773 410 868 gabat
427 784 531 870 atque
554 777 672 848 omnia
696 775 792 846 caede
819 773 1060 870 incendiisque
1084 775 1254 866 terrebat,
1273 775 1318 848 de
1336 777 1369 850 vi

303 913 402 964 reum
433 892 583 988 aliquem
608 889 725 964 iacere
748 893 922 967 inanimo
945 891 1103 966 baberet.
1132 892 1233 963 Hanc
1253 900 1369 970 autem

302 1007 539 1102 conjecturam
558 1005 683 1101 probat
706 1008 818 1079 nostri
844 1007 995 1080 oratoris
1015 1007 1289 1101 argumentandi
1302 1030 1369 1101 ger

302 1146 390 1213 nus3
409 1145 479 1194 nou
493 1124 586 1196 enim
601 1131 672 1194 tam
686 1123 852 1194 Milonem
860 1122 954 1194 'nihil
967 1123 1186 1217 praeteritum
1200 1145 1369 1196 excusan-

302 1241 385 1311 dum
404 1240 536 1310 babere
557 1239 740 1312 confirmat
760 1262 861 1333 quam
889 1237 1056 1312 Clodium
1069 1238 1212 1334 affligit,
1234 1263 1369 1313 memo-

304 1356 413 1428 rando
433 1358 566 1452 quoties
595 1357 661 1436 iste
686 1358 757 1427 vim
784 1356 1012 1447 adhibuisset,
1038 1381 1101 1428 seu
1124 1381 1231 1452 quum
1255 1357 1368 1430 virum

302 1471 519 1550 consularem
536 1471 803 1561 exterminaret,
826 1495 888 1546 seu
905 1491 1011 1567 quum
1035 1472 1179 1544 domum
1196 1473 1368 1566 singulari

303 1589 432 1664 virtute
446 1591 558 1663 civem
578 1591 686 1663 armis
702 1590 941 1686 compelleret,
963 1616 1025 1664 seu
1040 1593 1189 1689 denique
1204 1615 1313 1686 quum
1333 1591 1369 1661 in

302 1732 423 1780 omnes
439 1731 521 1780 suos
535 1706 778 1801 competitores
792 1708 1010 1802 aequabiliter
1026 1709 1193 1782 irrueret.
1210 1709 1255 1780 At
1266 1729 1368 1803 quam

303 1835 416 1914 cauto,
435 1827 539 1918 quam
554 1823 725 1914 consulte,
746 1823 869 1898 ordine
890 1847 1009 1898 rerum
1027 1834 1181 1913 servato,
1200 1825 1276 1896 haec
1291 1847 1368 1896 om*

304 1941 361 2012 nia
376 1939 637 2012 enumeraverit
651 1940 943 2014 considerandum
959 1951 1023 2014 est.
1042 1942 1202 2015 Primum
1212 1939 1306 2012 enim
1316 1939 1368 2010 sui

297 2055 488 2145 discessus,
499 2055 535 2128 id
550 2064 603 2128 est
617 2056 732 2128 exsilii
746 2058 813 2145 sui,
832 2060 1043 2131 mentionem
1054 2057 1204 2130 faciebat
1214 2053 1240 2145 ²,
1258 2079 1369 2156 neque

303 2183 420 2245 autem
441 2174 516 2246 sine
537 2171 731 2246 subtilitate
752 2184 786 2246 et
802 2174 1001 2268 prudentia,
1021 2201 1040 2245 r
1060 2199 1104 2246 ne
1123 2198 1187 2268 pro
1206 2172 1368 2244 insolenti

303 2299 338 2362 et
353 2291 622 2384 jactantissim0,
644 2300 682 2362 ut
700 2290 883 2362 scholiasta
901 2290 1086 2362 Bobiensis
1105 2313 1190 2361 vere
1206 2287 1371 2360 animad-

304 2405 422 2493 vertit,
443 2405 651 2493 haberetur3
674 2431 692 2476 u
715 2404 840 2478 deinde
859 2405 902 2476 de
920 2404 1059 2476 insidiis
1082 2416 1117 2478 et
1136 2414 1247 2478 morte
1261 2405 1370 2476 Pom-

302 2520 379 2615 peio
397 2520 529 2615 paratis
545 2521 779 2614 copiosissime
799 2521 1006 2616 loquebatur
1015 2519 1041 2605 ³,
1058 2528 1110 2606 ut,
1133 2519 1271 2592 callidis
1290 2518 1373 2588 lau-·

302 2636 404 2710 dibus
428 2645 549 2732 captus
580 2636 806 2733 allectusque,
833 2661 854 2709 a
873 2637 992 2714 Clodio
1011 2637 1082 2708 dux
1105 2636 1167 2708 ille
1190 2635 1370 2720 deficeret,

302 2757 404 2851 ¹atque
419 2754 573 2826 omnium
589 2763 790 2826 senatorum
805 2753 922 2826 odium
936 2754 1201 2841 accenderetur,
1215 2775 1323 2848 quum
1335 2751 1373 2830 in

304 2896 477 2944 summum
496 2870 684 2945 discrimen
702 2870 732 2942 is
749 2879 842 2942 esset
863 2869 1048 2957 adductus,
1073 2894 1091 2938 <r
1118 2869 1219 2962 cujus
1241 2869 1278 2938 in
1297 2867 1370 2938 vita

303 2990 518 3061 innitebatur
545 2988 642 3060 salus
670 2986 840 3072 civitatis3
865 3012 882 3056 u
910 2995 1002 3077 tum,
1028 3011 1092 3080 pro
1115 2993 1210 3058 certo
1227 2983 1370 3056 ¹habens

298 3107 375 3200 jam
399 3128 466 3176 usu
494 3103 700 3176 obduruisse
728 3102 883 3176 omnium
905 3103 1127 3198 patientiam,
1155 3100 1265 3190 mala,
1292 3121 1369 3195 quae

303 3218 453 3291 aderant
480 3219 567 3290 viris
589 3218 690 3289 bonis
718 3226 752 3291 et
775 3219 1045 3313 impendebant,
1073 3216 1289 3306 ostentabat3
1320 3223 1367 3311 et,

304 3335 467 3430 adquam
485 3337 630 3432 quisque
648 3336 795 3430 optimus
810 3344 885 3407 erat
900 3335 1118 3428 designatus,
1136 3330 1370 3403 denunciabat

304 3452 471 3544 caedem⁴;
489 3453 650 3549 denique,
671 3454 749 3547 quia
769 3451 926 3524 homines
944 3463 1121 3546 postrema
1139 3472 1278 3542 semper
1296 3470 1370 3518 me-

304 3576 450 3662 minere,
478 3571 583 3642 ooulis
607 3569 823 3665 proponebat
846 3568 1016 3664 quomodo
1040 3567 1118 3640 telis
1138 3573 1172 3636 et
1195 3563 1370 3659 lapidibus

304 3689 405 3762 ambo
424 3686 584 3758 consules
603 3709 622 3758 e
644 3685 776 3778 Campo
796 3683 1012 3779 expulissent
1033 3681 1192 3754 Clodiani
1201 3680 1226 3768 ⁵,
1245 3681 1370 3774 quibus

336 3960 345 3994 ¹
362 3958 450 4007 Oratio
464 3957 495 4006 de
511 3957 682 4021 Haruspicum
696 3957 833 4022 responsis,
850 3973 870 4004 r.
888 3971 934 4006 vu.
955 3977 957 3983 ,

337 4039 347 4074 ²
364 4039 536 4103 abjiciendus
551 4043 633 4090 estex
648 4037 719 4096 urbe,
735 4042 811 4088 ueto.
828 4065 855 4074 -—
870 4054 882 4084 u
896 4037 952 4098 Nec
962 4053 1022 4086 vero
1037 4041 1092 4086 tum
1103 4035 1276 4097 timendum»
1292 4041 1340 4084 etc.

336 4118 348 4154 ³
362 4117 426 4168 Vide
440 4119 581 4168 orationem
595 4133 640 4182 pro
653 4117 757 4175 Milone,
766 4133 789 4166 c.
798 4132 846 4166 vu.
855 4135 904 4163 -u
920 4115 1162 4167 includendusintra
1171 4115 1288 4179 parietes,
1301 4119 1370 4164 ueto.

337 4200 348 4234 ⁴
367 4216 379 4246 u
393 4199 501 4248 Eosdem
517 4199 548 4249 nd
561 4199 658 4248 caedem
670 4198 772 4260 civium,
785 4217 797 4246 »
809 4205 858 4248 etc.

339 4284 350 4318 ⁵
365 4281 524 4351 «Lapidibus
537 4280 587 4330 duo
600 4279 717 4330 consules
730 4279 884 4332 cecideruut.
897 4299 908 4327 a
