3070 4950
468 420 617 470 ORATIO
641 421 718 470 PRO
738 421 767 470 P.
790 422 907 470 OPPIO
1188 419 1216 473 21

148 542 205 612 isti
228 539 544 633 magistratnS,q11i
564 538 755 632 locupletes
779 540 888 612 urbes
910 563 1051 634 pacare
1083 565 1220 636 semper

146 653 409 747 concupiebant,
438 653 498 748 qui
529 677 641 748 neque
675 678 695 726 a
727 657 885 748 pecuniis
914 657 1086 728 sociorum
1108 680 1220 752 neque

146 771 190 843 ab
223 770 437 842 ornamentis
470 767 634 842 fanorum
664 795 703 842 se
743 770 970 862 cohibebant,
1004 774 1047 845 de
1080 772 1219 844 urbium

145 887 362 980 direptarum
381 886 501 981 spoliis
515 887 608 958 inter
619 911 656 958 se
671 911 776 982 quum
792 889 870 959 lites
885 899 1046 981 agerent,
1063 887 1108 959 ad
1120 899 1217 960 tanta

147 1004 342 1075 animorum
365 1003 558 1078 certamina
580 1014 767 1087 venerunt,
792 1005 905 1076 utrix
924 1003 1122 1077 arnanibus
1142 1027 1219 1076 sese

146 1122 378 1210 abstinerent,
396 1133 499 1216 atque
515 1123 661 1217 Oppiae,
680 1123 739 1217 qui
758 1119 973 1214 provinciam
992 1142 1090 1205 suam
1110 1120 1217 1191 relin-

146 1261 253 1332 quere
267 1239 303 1308 in
317 1239 433 1310 animo
445 1237 608 1325 habebat,
628 1263 646 1308 11
663 1248 847 1332 postquam
862 1258 981 1326 orans,
995 1237 1024 1306 si
1033 1233 1215 1308 Sallustio¹

148 1353 282 1439 credas,
298 1353 385 1424 nihil
399 1352 615 1446 proficiebat,
637 1353 757 1424 timide
770 1361 866 1424 ueste
882 1360 1009 1424 tectum
1028 1355 1218 1446 pugionem

146 1468 313 1562 expedire
339 1478 498 1560 conatae,
529 1492 549 1540 a
570 1470 671 1542 Cotta
688 1459 902 1562 Volscioquo
919 1495 938 1534 u
960 1469 1005 1539 sit
1018 1467 1215 1561 impeditus

143 1581 392 1671 Quamobrem,
411 1591 554 1677 propter
569 1584 776 1654 insidiarum
795 1584 942 1672 crimen,
968 1607 991 1656 a
1013 1606 1051 1656 se
1071 1579 1218 1655 removit
1325 1580 1332 1595 '

142 1709 350 1791 quaestorem
366 1700 563 1794 proconsul,
591 1696 994 1794 11111111110111111911101112
1022 1700 1146 1770 Romae
1174 1699 1217 1770 de

145 1815 329 1908 majestate
340 1839 439 1887 rcum
450 1814 544 1885 fecit.
559 1814 724 1886 Attamen
734 1838 805 1886 non
814 1815 939 1900 statim,
949 1817 1011 1887 sed
1022 1816 1216 1888 M.Aurelic

145 1930 247 2003 Cotta
265 1955 307 2002 ex
332 1930 413 2003 Asia
437 1933 585 2004 Romam
607 1953 765 2021 reverso,
787 1931 863 2001 hacc
877 1933 990 2003 oratio
1009 1931 1131 2018 habita
1147 1943 1213 2021 est,

140 2056 188 2133 ct,
210 2047 418 2140 proconsule
432 2048 629 2120 testimonio
645 2073 707 2119 suo
726 2049 875 2142 Oppium
894 2057 1056 2141 urgente,
1079 2049 1172 2144 quod
1186 2052 1216 2120 is

140 2163 175 2232 in
195 2159 315 2234 victu3
334 2163 609 2236 administrando
624 2164 817 2236 exercitum
833 2161 1070 2253 fraudaverat,
1094 2165 1215 2237 Cicero

140 2276 239 2347 illius
255 2278 487 2371 patrocinium
507 2279 671 2372 suscepit.
692 2281 773 2350 Jam
789 2279 953 2352 omnibus
967 2281 1053 2351 satis
1070 2290 1215 2375 apparet

142 2416 246 2487 quam
272 2392 490 2486 perdifficilis
513 2403 547 2466 et
578 2394 713 2467 lubrica
747 2395 854 2489 huius
880 2394 1094 2468 defensionis
1122 2407 1214 2468 esset

140 2511 231 2580 ratic
253 2536 260 2579 :
284 2512 414 2582 etenim
443 2533 512 2582 non
540 2511 651 2582 solum
680 2536 779 2583 reum
804 2515 910 2583 tutari
937 2521 1057 2584 nostro
1080 2513 1213 2583 oratori

140 2647 284 2697 necesse
306 2635 395 2714 erat,
425 2627 614 2698 sedetiam
641 2639 763 2700 contra
787 2629 940 2716 Cottam,
972 2653 1079 2723 quum
1107 2630 1212 2702 rebus

139 2743 249 2834 gestis
264 2750 298 2812 et
311 2742 510 2829 consulatu,
531 2751 604 2814 tum
622 2747 738 2836 gentis
755 2768 828 2816 suae
844 2759 878 2816 et
893 2743 1108 2816 fumosarum
1124 2746 1211 2815 ima-

138 2857 260 2948 ginum
293 2857 592 2929 commendatione
621 2861 860 2950 notissimum,
895 2860 1054 2954 quaedam
1087 2862 1209 2952 gravia

139 2972 276 3060 dicere;
290 2973 446 3068 ejusdem
459 2982 576 3045 autern
590 2977 741 3046 maxime
751 2977 932 3064 intererat,
947 2999 1050 3069 quum
1061 2976 1209 3071 primum

137 3088 281 3158 honoris
299 3087 448 3180 gradum
464 3112 528 3160 sua
550 3091 633 3162 vitae
652 3091 898 3162 laboriossima
923 3092 979 3164 via
1003 3102 1094 3164 essct
1108 3115 1211 3164 asse-

137 3213 253 3291 cutus,
274 3227 312 3274 se
327 3227 397 3276 non
415 3212 531 3277 tantas
549 3208 740 3280 simultates
751 3209 942 3303 suscipere.
960 3209 1071 3292 Quam
1083 3209 1207 3303 perite,
1281 3230 1283 3236 ·

139 3344 244 3416 quam
278 3321 429 3393 scienter
461 3345 632 3416 quamque
667 3325 860 3416 prudenter
892 3324 955 3394 has
988 3348 1062 3394 suae
1093 3347 1209 3394 causae

134 3438 320 3528 angustias
329 3436 391 3510 ille
401 3439 621 3532 superaverit
635 3462 678 3509 ex
687 3438 894 3522 Quintiliani
908 3437 1113 3533 quibusdam
1125 3439 1209 3508 locis

133 3552 297 3623 divinare
311 3551 401 3643 licet,
422 3563 525 3647 atquc
541 3577 584 3624 cx
598 3555 723 3625 iisdem
739 3554 875 3625 indiciis
887 3554 987 3624 nobis
997 3556 1034 3624 in
1048 3563 1208 3648 promptu

134 3677 188 3739 est
202 3666 371 3738 orationis
387 3667 625 3761 inclytissimae
642 3668 792 3760 effigiem
807 3669 1032 3740 adumbrare.
1105 3699 1107 3704 ’

184 3783 300 3867 Quum
324 3783 494 3876 principia
519 3783 656 3854 dicendi
677 3807 815 3879 semper
834 3809 904 3855 nou
923 3784 1024 3855 modo
1043 3795 1207 3858 accurata

166 4114 176 4146 1
193 4111 229 4158 Ex
244 4111 309 4161 libro
321 4113 357 4161 111
371 4113 539 4163 historiarum
556 4114 669 4165 Sallustii
681 4115 752 4165 locus
767 4115 882 4188 aNouio
895 4116 1018 4180 prolatus.

166 4191 178 4225 ²
193 4189 373 4252 Quintilianus,
389 4193 433 4242 lib.
451 4194 483 4254 V,
502 4211 523 4244 c.
540 4209 595 4244 xm.

167 4272 180 4307 ³
195 4271 374 4332 Quintilianus,
390 4273 435 4330 lib.
452 4275 485 4334 V,
501 4292 522 4326 c.
541 4292 596 4326 xnr.
