3024 4944
561 379 788 434 coucnusro
1164 394 1210 447 125

137 493 228 568 hanc
242 497 378 592 copiam
397 496 554 592 hancque
571 501 791 587 varietatem,
807 525 911 598 quam
927 505 1099 600 probabat
1119 531 1209 604 qua-

138 632 206 704 que
220 610 454 702 gloriabatur,
470 635 534 706 pro
554 623 648 685 certo
672 615 783 688 habeo
800 616 852 686 illi
870 618 942 689 vim
965 621 1073 692 animi
1096 632 1130 695 et
1148 624 1210 694 in·-

137 723 234 816 genii
250 722 376 796 leviter
391 736 545 800 mutasse
566 738 670 824 atque
693 729 921 805 adulterasse.
947 733 1101 829 Etenim,
1129 739 1208 834 quia

136 839 181 911 ab
201 840 433 914 adolescentia
448 841 594 916 obrutus
609 854 662 916 est
685 845 872 920 ambitione
890 858 925 921 et
942 847 1031 940 fore,
1051 853 1143 946 quia,
1166 862 1205 924 ut

136 955 330 1029 novitatem
354 957 528 1030 clientelis
545 957 680 1032 fulciret
695 969 730 1032 et
748 963 1205 1060 sustineret,·patrocinium

135 1096 237 1144 suum
257 1096 422 1146 recusare
434 1097 649 1171 nequaquam
661 1078 787 1172 potuit,
809 1080 903 1174 quia,
920 1092 1052 1176 praetor
1066 1107 1202 1157 rennn-

135 1189 255 1283 tiatuS,
272 1191 423 1284 primum
445 1191 600 1266 omnium
616 1195 859 1266 auctoritatem
881 1206 1077 1270 rostrorum
1097 1199 1206 1274 attin-

134 1328 221 1398 gere
234 1327 340 1388 ausus
360 1314 413 1378 est
429 1303 453 1396 ¹,
474 1316 615 1404 propter
629 1310 865 1404 quotidianam
875 1312 1010 1386 dicendi
1025 1317 1207 1390 exercita--

135 1421 280 1510 tionem,
318 1446 516 1519 quanquam
542 1423 588 1496 ad
619 1425 785 1498 virtutem
807 1427 844 1498 in
872 1452 912 1502 eo
932 1431 1046 1524 major
1066 1432 1206 1506 indoles

134 1535 323 1636 eminebat,
344 1563 409 1634 pro
427 1541 512 1634 jure
529 1548 634 1636 atque
651 1539 782 1636 injuria
803 1542 925 1616 eodem
941 1547 1070 1619 ardore
1093 1549 1201 1620 animi
1273 1534 1276 1540 ¹

133 1653 263 1744 dicere,
282 1679 352 1726 non
372 1680 487 1728 causae
507 1657 568 1729 sed
588 1657 638 1730 rei
655 1659 692 1727 in
704 1637 877 1751 judicium
898 1663 1012 1733 vocati
1031 1664 1205 1737 conditio-

132 1793 214 1841 nem
239 1781 274 1844 ct
297 1774 451 1876 gratiam
464 1773 679 1860 desiderare,
704 1794 745 1843 ac
769 1797 864 1869 saepe
878 1775 915 1846 in
942 1773 1204 1850 defensionibus

133 1909 232 1982 aequo
250 1888 367 1960 animo
388 1891 590 1961 inconstans
607 1896 641 1960 et
663 1911 683 1959 a
703 1912 741 1962 se
758 1887 835 1984 ipso
858 1889 1068 1964 dissentiens
1091 1893 1205 1966 videri

131 2003 309 2078 insuevit:
329 2006 410 2079 inde
432 2017 570 2081 secutus
591 2017 656 2098 est,
682 2033 787 2104 quum
812 2011 850 2081 in
869 2009 1123 2104 rempublicam
1148 2022 1201 2083 est

131 2123 330 2215 ingressus,
351 2132 386 2196 et
398 2148 583 2197 munerum
605 2124 823 2219 publicorum
839 2149 910 2198 non
928 2148 1021 2198 unus
1035 2136 1148 2216 tenor,
1168 2135 1204 2200 et

131 2233 312 2329 mortales,
338 2250 377 2312 ut
397 2242 447 2313 ita
469 2241 596 2330 dicam,
622 2241 785 2312 amicitiae
805 2249 910 2336 atque
930 2240 1140 2332 inimicitiae,
1168 2251 1202 2314 ct

131 2357 276 2428 mutatio
295 2357 429 2428 consilii
448 2379 488 2428 ac
502 2355 687 2449 multiplex
701 2353 868 2426 defectio.¹
884 2355 976 2426 Satis
990 2356 1059 2426 scio
1079 2363 1201 2428 nostra

131 2471 335 2542 aetatehanc
350 2472 540 2544 voluntatis
556 2469 766 2542 varietatem
782 2470 820 2540 in
839 2471 1018 2567 republica
1036 2495 1118 2544 raro
1138 2495 1201 2544 re-
1254 2532 1262 2539 s

130 2587 303 2680 prehendi
319 2598 423 2684 atque
439 2587 651 2682 improbari,
669 2595 716 2676 at,
735 2595 895 2682 utsupra
910 2587 996 2676 dixi,
1019 2611 1064 2659 ex
1079 2585 1200 2659 eodem

128 2701 228 2776 fonte
243 2703 336 2775 aliud
345 2703 489 2798 paululo
502 2703 655 2778 deterius
670 2702 830 2774 Ciceroni
840 2701 940 2774 duxit
955 2728 962 2773 :
980 2701 1105 2798 quippe
1123 2703 1196 2798 qui,

131 2829 319 2914 propterea
339 2819 430 2916 quod
447 2819 482 2890 in
502 2817 578 2892 foro
600 2829 634 2893 et
648 2819 790 2914 judiciis
812 2818 940 2889 diutius
958 2817 1056 2906 dixit,
1075 2818 1113 2888 in
1133 2840 1199 2889 an·

129 2937 324 3030 gustiorem
347 2938 473 3027 locum,
494 2937 594 3032 quasi
616 2937 760 3024 inscius,
781 2959 884 3008 snum
904 2934 1084 3028 ingenium
1110 2956 1197 3007 con-
1272 3023 1274 3030 Ι

129 3053 285 3124 cluserit.
302 3053 402 3138 Quod
417 3053 461 3144 si,
480 3062 518 3124 ut
533 3053 608 3148 ipse
624 3047 755 3124 fatetur
766 3047 792 3142 ²,
809 3053 845 3122 in
864 3051 971 3146 ipsius
983 3048 1196 3122 orationibus

129 3168 244 3239 omnis
259 3167 343 3248 ¹laus
360 3167 511 3239 oratoris
533 3165 657 3257 fuerit,
684 3191 753 3240 non
778 3165 947 3263 perfectio
975 3165 1116 3262 quidem
1136 3163 1197 3237 sed

129 3294 273 3357 conatus
287 3293 391 3379 atque
405 3281 640 3373 adumbratio,
654 3307 724 3354 non
738 3291 856 3355 tamen
870 3280 1111 3353 difficillimum
1127 3290 1192 3372 est,

129 3425 236 3499 quum
255 3411 289 3474 et
307 3425 418 3496 genus
433 3423 561 3488 causae,
583 3410 618 3472 et
633 3423 733 3472 reum
746 3399 799 3494 cuj
806 3423 847 3470 us
861 3400 904 3471 de
914 3422 953 3469 re
966 3399 1191 3492 disceptatur,

129 3527 162 3589 ct
178 3519 368 3614 petitorem
382 3526 417 3590 et
434 3515 681 3590 adversarium
696 3524 731 3586 et
739 3515 895 3608 judicem
911 3514 1124 3604 noverimne,
1142 3513 1194 3586 di-

128 3633 251 3705 vinare
270 3633 361 3728 quod
383 3655 498 3726 genus
523 3630 806 3725 argumentandi,
836 3652 940 3724 quam
967 3621 1103 3705 dicendi
1126 3649 1194 3703 va-

128 3750 301 3837 rietatem,
336 3772 436 3844 quem
464 3749 619 3820 dolorem
650 3746 758 3818 animi
787 3744 849 3816 ille
872 3743 1082 3816 adhibuerit.
1103 3743 1192 3828 Quia

128 3868 220 3937 enim
229 3866 369 3959 penitus
377 3865 556 3960 perspexit
566 3860 736 3959 quomodo
742 3859 880 3954 judices
893 3856 1094 3952 impellendi
1106 3857 1189 3950 sint,

157 4169 167 4204 ¹
184 4164 315 4221 Ciceronis
329 4165 412 4218 oratio
427 4181 472 4234 pro
487 4165 543 4230 lege
555 4164 669 4230 Manilia,
689 4176 742 4216 c.1.

157 4250 168 4286 ²
186 4250 287 4314 Orator,
303 4265 418 4300 c.xx1x.
