3070 4950
461 412 612 464 ORATIO
635 413 713 462 PRO
730 411 759 463 C.
782 411 955 462 llANlLIO
1215 415 1246 464 27

176 557 254 605 mus
270 533 438 606 centuriis
463 531 597 604 cunctis
621 532 846 604 renuntiatus
865 541 918 604 est
943 531 967 603 ¹.
992 533 1033 604 ln
1050 533 1116 604 hoc
1134 557 1242 624 anno,

175 674 279 746 quum
294 650 330 719 in
352 674 391 721 eo
402 651 477 744 jam
497 658 589 720 esset
600 659 638 722 ut
655 650 866 740 magistratu
883 673 953 748 suo⁸
961 647 1244 743 perfungeretur,
1276 659 1279 662 ’

176 766 215 836 C.
232 765 420 836 Manilium
439 763 607 836 defendit.
628 765 684 835 Ex
702 764 768 835 hac
782 787 887 837 causa
899 766 1137 840 tantummodo
1155 789 1247 838 unus

176 889 289 953 exstat
316 903 452 971 versuS,
484 880 541 975 qui
571 905 641 951 non
673 881 787 952 lucem
814 890 968 975 optatam
992 882 1094 953 nobis
1120 882 1248 955 afferre

175 1006 301 1092 potest.
326 997 422 1068 Inter
439 996 532 1067 enim
547 997 703 1068 eruditos
720 997 815 1068 viros
830 997 872 1068 de
887 1021 926 1069 re
941 997 1048 1068 simul
1066 1020 1107 1067 ao
1124 997 1168 1068 de
1187 1022 1262 1070 reo·

176 1113 417 1185 controversia
430 1120 497 1201 est,
513 1136 621 1206 quum
638 1112 827 1201 Patricius,
851 1113 909 1205 qui
927 1112 971 1185 ad
991 1113 1110 1184 omnia
1127 1113 1249 1207 suspi-
1342 1137 1348 1150 ·

176 1229 302 1320 canda,
319 1237 357 1299 ut
380 1229 453 1298 vim
468 1251 565 1299 suam
582 1228 801 1330 excogitandi
817 1229 1030 1317 ostenderet,
1049 1228 1248 1322 conjectura

176 1345 302 1415 ductus
318 1351 382 1435 est,
394 1345 539 1416 credere
555 1343 751 1415 videatura
766 1343 933 1415 Cicerone
943 1343 1130 1416 Manilium
1147 1345 1249 1416 illum

177 1457 360 1531 defensum
382 1483 472 1550 esse,
494 1460 553 1555 qui
575 1460 751 1553 judicium
771 1459 1019 1533 Cornelianum
1039 1484 1102 1555 per
1120 1484 1248 1555 opera-

179 1598 257 1646 rum
275 1575 382 1648 duces
397 1572 614 1664 turbaverat,
626 1576 863 1671 Cominiisque
878 1575 1140 1648 accusatoribus
1151 1601 1249 1648 mor-

179 1700 247 1763 tem
263 1692 457 1763 intentasse
472 1691 653 1764 dicebatur
672 1721 681 1778 3
703 1693 785 1764 dum
807 1702 926 1764 noster
940 1692 994 1762 vir
1014 1692 1246 1780 doctissimus,

178 1809 215 1878 in
235 1806 395 1877 omnibus
410 1807 628 1902 antiquitatis
643 1807 746 1878 libris
764 1808 911 1880 multum
922 1818 956 1880 et
975 1808 1129 1881 studiose
1144 1810 1247 1881 volu-

179 1930 287 2012 tatus,
304 1921 425 1992 Victor
449 1922 605 2011 Leclerc,
633 1947 704 1993 non
730 1923 846 1993 solum
880 1946 949 1993 non
977 1923 1080 1993 fidem
1101 1924 1249 1996 Asconio

179 2036 334 2126 adhibet,
350 2038 411 2109 sed
428 2040 579 2109 affirmat
597 2038 640 2111 de
661 2036 699 2108 C.
718 2038 864 2111 Manilio
882 2038 955 2130 agi,
973 2038 1045 2133 qui,
1063 2048 1152 2111 teste
1165 2041 1251 2112 Plu-

179 2151 314 2241 tarch0,
339 2153 618 2247 repetundarum
646 2178 726 2226 reus
745 2152 825 2244 fuit,
847 2139 1014 2226 Cicerone
1036 2167 1200 2251 praetore,
1229 2180 1250 2228 a

180 2292 260 2363 quo,
278 2269 407 2363 populo
431 2268 659 2363 efflagitante,
689 2269 854 2343 defensus
876 2283 939 2346 est.
971 2271 1078 2368 Cujus
1109 2273 1248 2369 quidem

180 2384 379 2480 opinionem
398 2388 493 2480 sequi
516 2411 585 2458 non
604 2387 826 2480 dubitamus3
844 2413 927 2462 nam
948 2394 991 2480 is,
1014 2391 1116 2486 cujus
1135 2389 1247 2463 'Asco-

180 2500 261 2571 nius
275 2502 487 2574 mentionem
511 2501 607 2595 facit,
630 2528 699 2575 non
719 2503 822 2577 Caius
845 2508 908 2578 sed
922 2508 1063 2580 Marcus
1083 2506 1248 2603 appella-

181 2615 307 2707 batur,
328 2639 369 2688 ac
388 2619 508 2713 populi
527 2621 678 2692 Romani
694 2619 938 2718 Ciceronisque
956 2625 993 2695 in
1010 2623 1048 2695 C.
1065 2623 1252 2695 Manilium

181 2731 343 2804 voluntas
367 2758 437 2805 non
456 2745 532 2807 erat
555 2736 675 2826 dubia,
702 2747 889 2833 propterea
907 2739 999 2834 quod
1013 2739 1177 2810 tribunus
1191 2738 1251 2808 ille

180 2846 292 2943 plebis
319 2849 436 2942 legem
461 2852 606 2943 tulerat,
638 2876 707 2947 qua
735 2853 780 2925 ad
812 2855 945 2926 bellum
976 2855 1251 2926 Mithridaticum

182 2965 366 3058 Pompeius
381 2976 456 3038 erat
475 2967 684 3060 deligendus
696 2979 730 3042 et
743 2970 932 3041 mittendus
946 2995 955 3062 3
974 2993 1132 3069 eamque,
1153 2971 1252 3041 Hor-

182 3078 294 3149 tensio
320 3089 354 3151 et
377 3080 500 3153 Catulo
528 3081 660 3156 frustra
684 3085 965 3178 repugnantibus
984 3083 1010 3175 2,
1039 3110 1109 3156 non
1141 3085 1253 3157 solum

169 3194 489 3286 uehementissime
503 3198 711 3272 laudaverat
730 3200 852 3272 Cicero
862 3200 1250 3297 comprobaveratque3,

184 3311 368 3383 sedetiam
387 3314 611 3388 ornatissima
637 3325 670 3388 et
688 3317 926 3408 copiosissima
947 3319 1106 3390 oratione
1121 3318 1252 3389 confir-

147 3411 154 3426 Χ
185 3437 354 3499 moverat.
379 3428 556 3518 Ceterum,
575 3442 614 3503 ut
632 3455 675 3502 ex
690 3434 1000 3525 grammaticorum
1019 3456 1061 3504 ac
1074 3433 1251 3505 rhetorum
1296 3422 1299 3430 ’

184 3540 324 3613 silentio
334 3543 486 3638 intelligi
504 3546 599 3636 licet,
617 3573 686 3619 non
702 3549 766 3619 illa
779 3551 872 3621 inter
887 3550 998 3620 nostri
1013 3549 1161 3622 oratoris
1170 3572 1254 3620 con·

184 3657 303 3731 ciones
323 3659 359 3729 in
380 3684 509 3754 magno
527 3662 661 3736 honore
676 3664 885 3754 habebatur,
915 3673 1018 3758 atque
1041 3657 1076 3734 in
1093 3663 1159 3734 hoc
1178 3665 1253 3736 loco

184 3774 296 3870 quaeri
311 3785 423 3869 potest
440 3800 502 3848 our
517 3778 605 3851 illud
626 3782 795 3853 orationis
819 3807 826 3852 :
848 3809 865 3849 u
883 3783 950 3854 Hic
969 3804 1035 3874 ego
1055 3805 1124 3854 non
1140 3781 1252 3854 solum

217 4100 226 4140 ¹
242 4100 331 4158 Oratio
343 4125 390 4174 pro
403 4102 459 4174 lege
472 4104 586 4173 Manilia,
602 4126 624 4162 o.
641 4124 658 4163 t.

215 4184 227 4218 ²
242 4186 330 4236 Oratio
344 4203 391 4253 pro
405 4189 461 4253 lege
474 4190 588 4251 Manilia,
607 4212 628 4244 c.
645 4211 700 4246 xvu
717 4198 742 4246 et
757 4207 833 4249 xvtn.

216 4265 228 4300 ³
242 4267 331 4318 Oratio
344 4271 458 4334 prolege
471 4273 587 4334 Manilia,
602 4292 624 4325 c.
641 4291 717 4328 xxiv.
