3044 4938
298 371 331 422 oo
422 371 471 422 DE
492 371 704 425 CICERONIS
726 373 967 430 ORA'HQRUM
987 373 1247 425 FRAGMENTIS

300 490 473 564 scelerum
497 492 709 580 testimonia,
740 503 775 564 et
795 492 1075 584 testificationes,
1095 515 1183 588 quas
1210 491 1369 584 effugere

301 631 401 680 nemo
419 607 545 704 potuit,
570 615 605 680 et
632 607 771 697 indicia,
802 609 903 701 signa
922 608 1093 703 praeteriti
1111 615 1149 682 et
1169 607 1268 706 quasi
1293 607 1367 676 im·

299 745 421 820 pressa
434 720 517 794 facti
535 722 696 815 vestigia,
714 731 749 794 et
763 721 911 817 donique
929 722 1151 817 quaestiones
1170 743 1252 816 quae
1267 745 1366 794 sem-

299 861 362 936 por
379 861 521 912 causam
540 835 768 929 adjuverunt,
785 844 970 930 propterea
990 833 1082 928 quod
1098 834 1261 928 majores,
1280 861 1367 930 pru·

298 953 492 1028 dentissimi
515 951 686 1040 homineS,
709 973 786 1022 eam
809 973 883 1021 rem
902 958 1022 1038 totam,
1045 950 1111 1021 nisi
1129 949 1363 1045 probassent,

298 1081 394 1144 certe
411 1067 665 1164 repudiassent.
690 1067 771 1137 Nori
794 1073 910 1137 autem
928 1064 972 1135 de
986 1063 1131 1136 crimine
1150 1073 1312 1137 accurate
1332 1077 1366 1136 et

299 1185 480 1282 exquisite,
498 1191 536 1254 ut
555 1183 603 1254 ait
621 1179 772 1268 Cicero¹,
790 1182 969 1278 disputare
984 1186 1068 1276 satis
1082 1203 1158 1252 esse
1173 1181 1359 1270 credebat3

299 1301 373 1392 sed,
392 1297 484 1396 quod
500 1307 580 1370 ante
599 1298 716 1369 omnia
735 1298 870 1370 animos
890 1301 1087 1394 eorum-qui
1101 1299 1289 1372 audiebant
1303 1298 1364 1370 de-

300 1415 433 1488 vincire
461 1412 640 1509 voluptate
663 1413 850 1499 studebat,
883 1417 1090 1510 proverbiis,
1122 1437 1200 1511 quee
1227 1438 1366 1509 semper

299 1527 411 1604 facete
435 1530 708 1624 interponuntur
726 1525 752 1618 ²,
774 1530 950 1618 utebatur,
976 1542 1016 1603 ut
1034 1555 1077 1602 ex
1096 1531 1161 1602 hoc
1179 1531 1275 1603 Festi
1304 1551 1366 1600 as-

298 1667 462 1719 severare
482 1642 586 1717 licet8
603 1669 610 1714 ε
628 1670 646 1714 «
666 1645 794 1717 Nonne
815 1646 926 1735 vobis,
949 1645 1098 1740 judices,
1120 1644 1309 1717 scintillam
1332 1653 1367 1715 ot

299 1758 416 1833 sumus
442 1760 607 1855 prosequi
635 1769 669 1831 et
693 1758 829 1830 ilrmum
852 1760 993 1832 flamma
1017 1760 1180 1833 videtur?
1199 1783 1217 1829 »
1248 1757 1363 1844 Tunc,

301 1877 535 1970 argumentis,
557 1876 656 1971 quasi
672 1860 833 1947 hasta'in
853 1899 960 1947 manu
978 1876 1145 1948 collocata
1155 1875 1181 1966 ⁴,
1203 1873 1365 1969 proposi·-

300 1991 357 2080 tis,
375 1990 420 2062 ad
431 1993 703 2085 perorationem,
716 2001 754 2064 ut
764 1993 900 2087 opinor,
915 1993 1094 2083 veniebat3
1112 2001 1147 2064 at
1160 1993 1196 2062 in
1210 2013 1251 2063 ea
1265 1997 1365 2084 parte

300 2103 514 2178 claudicasse
540 2106 713 2179 Calidium
732 2106 911 2180 affirmare
934 2131 1140 2203 possumus3
1162 2116 1209 2195 et,
1236 2105 1265 2176 si
1289 2103 1366 2175 fre-

301 2221 528 2318 quentatione
551 2230 841 2315 argumentorum
860 2231 896 2295 et
914 2223 1177 2296 coacervatione
1199 2222 1365 2292 universa

300 2335 402 2409 fldem
422 2337 548 2410 afferre
567 2339 644 2410 sine
661 2336 767 2409 dubio
787 2339 988 2426 tentaverit,
1006 2361 1071 2410 nec
1084 2362 1122 2410 se
1136 2338 1242 2409 latius
1259 2333 1362 2422 fudit,

299 2473 364 2524 nec
383 2475 458 2523 rem
480 2451 724 2539 inflammavit,
746 2461 785 2524 ut
804 2463 956 2547 regeret,
977 2463 1016 2525 ut
1033 2455 1189 2527 flecteret
1212 2453 1363 2541 animoS,

299 2574 350 2648 ut,
372 2566 461 2638 sicut
481 2565 631 2657 volebat,
650 2564 804 2640 afficeret
822 2593 829 2638 :
847 2568 883 2639 in
902 2569 967 2641 hoc
986 2578 1102 2641 autem
1121 2593 1190 2641 uno
1219 2568 1273 2638 vis
1288 2591 1367 2638 om-

299 2681 354 2754 nis
368 2682 517 2753 oratoris
532 2681 695 2754 constari.

267 2889 269 2896 Ι
348 2795 524 2869 Ciceronis
547 2795 719 2888 defensio,
748 2799 816 2870 nisi
842 2799 961 2872 verbis
991 2801 1241 2894 arrogantibus
1265 2821 1365 2870 suam

299 2912 434 2986 dicendi
454 2910 656 2984 facultatem
684 2914 742 2985 ille
764 2914 964 3007 jactaverit,
994 2911 1125 3011 praete'r
1150 2939 1209 2988 eas
1228 2913 1362 3003 laudes,

299 3049 386 3125 quas
399 3027 436 3096 in
455 3026 580 3098 Calidii
593 3031 811 3101 accusatione
826 3031 1089 3123 aestimavimus,
1106 3056 1184 3106 earn
1198 3033 1365 3132 virtutem

298 3141 464 3229 hahebat,
488 3163 555 3235 qua
574 3143 700 3214 animis
715 3144 873 3237 judicum
892 3146 1054 3219 admovet
1076 3149 1269 3220 orationem
1296 3171 1364 3244 pa-

183 3349 188 3356 .
274 3309 276 3314 -
300 3256 454 3340 tronus⁶,
474 3267 513 3330 ut
528 3258 653 3330 fidibus
669 3281 825 3331 manum.
838 3262 1047 3358 Quanquam
1060 3264 1104 3336 de
1119 3264 1261 3337 exordio
1274 3263 1363 3336 nihil

299 3383 471 3469 superest,
484 3385 614 3464 tamen,
629 3398 692 3469 pro
712 3399 754 3448 ea
768 3379 919 3452 amicitia
938 3403 1016 3475 quae
1029 3380 1188 3452 Ciceroni
1201 3402 1279 3452 cum
1292 3379 1364 3452 Ca-

299 3489 382 3563 lidio
400 3499 490 3579 erat,
518 3490 659 3587 (quippe
680 3495 737 3588 qui
755 3492 906 3589 postea⁷,
930 3505 967 3566 ut
989 3517 1072 3568 area
1101 3495 1223 3568 domus
1253 3493 1363 3567 nostri

331 3722 340 3758 ¹
355 3721 458 3782 Brutus,
473 3738 496 3772 c.
512 3735 596 3773 cxxx.
642 3733 646 3742 ·

329 3801 391 3850 ²De
403 3802 518 3862 Oratore,
531 3803 576 3853 lib.
593 3803 625 3862 ΙΙ,
641 3817 664 3854 c.
680 3819 751 3854 extr.

330 3879 341 3915 ³
357 3880 457 3941 Festus,
473 3881 578 3932 verbum
588 3882 665 3932 sufes.

330 3959 341 3996 ⁴
357 3960 393 4009 De
408 3961 550 4012 Perditione
565 3963 678 4013 oratoria
690 3963 819 4028 dialogus,
833 3983 856 4016 c.
871 3981 907 4016 iv.

331 4040 342 4110 ᾖ
358 4042 458 4100 Orator,
475 4056 497 4091 c.
513 4057 569 4092 xxi.

331 4121 342 4156 θ
358 4120 461 4179 Brutus,
478 4136 500 4171 c.
516 4136 568 4171 niv.

331 4199 342 4234 ⁷
356 4199 533 4260 Quintilianus,
550 4201 594 4252 lib.
610 4202 642 4260 X,
657 4219 679 4252 c.
696 4219 713 4253 1.
