3044 4938
200 417 202 421 ·
238 395 550 452 INTERROGATIO
572 400 620 450 le
642 395 733 450 AERE
755 395 1095 454 AutuNOM1LONIS
1157 401 1204 455 119

131 521 248 592 brosae
268 519 459 615 captivitati
475 529 509 592 01
525 520 736 616 absolutioni
755 518 882 592 infami
898 520 1013 592 labem
1030 532 1063 594 et
1078 545 1201 596 macu-

131 637 203 708 lam
213 643 333 708 noster
348 634 593 730 adspergebat,
606 633 800 731 quibusque
813 635 918 706 istum
931 636 1196 728 nouhominem,

132 773 334 847 quanquam
347 749 495 822 formam
509 749 689 822 homiuum
703 749 867 839 habebat,
880 753 942 823 sed
955 751 1111 826 belluam
1125 777 1202 827 esse

131 867 318 962 quamdam
336 865 521 953 clamabat,
544 865 644 960 cujus
665 889 797 939 cornua
816 868 1019 940 exciderant
1043 869 1197 964 impleta,

133 1005 177 1052 ex
194 983 238 1054 iis
262 993 378 1055 tamen
406 981 658 1071 orationibus¹‚
687 1005 766 1077 quae
788 991 869 1053 sunt
891 982 927 1056 in
957 985 1116 1057 manibus
1139 987 1200 1057 in-
1222 1007 1229 1024 ··

132 1109 245 1194 tegree
258 1155 267 1190 ,
298 1101 335 1171 in
366 1100 421 1171 his
446 1090 679 1192 explanandis
703 1098 905 1172 Ciceronem
929 1097 1035 1174 fuisse
1064 1101 1201 1196 plenio-

132 1212 1197 1311 rem,uberioremvehementioremqueaffirmarepossumus

132 1332 234 1416 Quod
253 1333 296 1404 ad
315 1327 509 1419 exsilium²‚
529 1332 622 1426 quod
639 1330 830 1404 discessum
848 1353 950 1402 suum
965 1331 1086 1403 Cicero
1104 1355 1201 1406 sem-

132 1473 198 1542 per
218 1449 425 1536 nominavit,
448 1446 492 1518 ad
510 1447 729 1542 reditumque
744 1446 879 1537 attinet,
893 1447 1063 1541 quomodo
1077 1449 1201 1520 visaut

130 1566 236 1659 copia
255 1565 392 1636 dicendi
416 1573 477 1637 aut
496 1564 637 1660 quidam
663 1565 769 1636 aninii
793 1565 893 1637 dolor
916 1564 968 1634 illi
990 1566 1026 1637 in
1045 1565 1200 1637 hocloco

130 1683 254 1755 deesse
273 1683 456 1778 potuisset,
477 1706 596 1777 quum,
614 1684 650 1753 in
665 1682 841 1754 civitatem
857 1683 1054 1772 restitutus,
1067 1680 1234 1753 nullam·
1312 1747 1315 1754 x

130 1808 313 1892 pateretur
328 1821 349 1872 a
367 1822 404 1870 se
428 1798 552 1872 haberi
573 1798 780 1888 orationem,
803 1800 887 1893 quin
911 1798 945 1869 in
965 1797 1028 1871 tali
1045 1810 1201 1893 tempore

131 1915 317 1986 consilium
343 1939 458 2003 suum,
480 1937 579 1987 suam
599 1907 822 2009 prudentiam
842 1937 1009 2010 suamque
1028 1915 1200 2010 imprimis

131 2032 257 2126 patriae
280 2033 462 2104 caritatem
491 2033 630 2102 eximiis
655 2031 817 2104 laudibus
842 2041 997 2121 ornaret,
1024 2055 1200 2126 quumque

130 2173 201 2246 non
216 2150 399 2247 ignoraret
423 2147 573 2220 Caesaris
598 2155 632 2218 et
650 2149 807 2243 Pompeii
826 2149 1017 2242 potentiam
1037 2147 1199 2220 Clodium

130 2287 230 2336 suam
251 2287 340 2356 esse,
360 2287 472 2359 neque
487 2264 523 2334 id
537 2264 679 2360 injuria,
699 2264 871 2335 dictitare.
888 2262 989 2334 lllam
1003 2262 1198 2334 orationem

130 2379 173 2450 dc
193 2404 289 2452 more
309 2403 370 2450 suo
391 2379 604 2452 conclusisse
625 2379 745 2452 Cicero
759 2402 830 2449 uon
845 2377 998 2469 videtur,
1013 2379 1043 2449 si
1057 2379 1199 2474 quidem

131 2496 188 2566 vir
205 2495 424 2567 doctissimus
442 2504 561 2566 noster
577 2495 621 2564 V.
648 2494 791 2566 Leclerc
811 2494 905 2566 hunc
926 2517 1080 2583 versum,
1099 2494 1199 2565 scili«

130 2620 215 2684 cet:
246 2636 264 2679 u
286 2609 352 2693 Qui
374 2610 483 2680 armis
506 2609 688 2681 cessissem
711 2607 769 2679 vel
793 2608 859 2680 tuis
878 2606 1038 2694 urbanis,
1061 2607 1141 2701 vel,
1161 2617 1198 2679 ut

128 2726 246 2822 opinio
260 2733 334 2796 tum
349 2735 437 2815 erat,
459 2724 598 2815 alieniS,
617 2749 636 2795 »
657 2724 886 2796 novissimum
905 2747 983 2795 esse
997 2723 1195 2814 edocuerit3

128 2866 255 2914 verum
277 2842 369 2912 haud
390 2843 461 2914 scio
480 2865 525 2913 au
546 2841 638 2914 hanc
656 2841 853 2912 orationem
870 2847 1089 2934 perpetuam,
1108 2839 1197 2913 sicut
1231 2914 1233 2918 ,

128 2957 164 3028 in
180 2956 271 3028 libro
287 2957 397 3029 edicto
412 2958 449 3028 in
465 2957 625 3028 Clodium
643 2965 677 3027 et
693 2955 892 3043 Curionem,
910 2955 1093 3027 altercatio
1103 2979 1198 3050 quae-

128 3073 210 3143 dam
228 3075 430 3168 excepisset,
457 3074 500 3145 de
517 3097 585 3168 qua
603 3071 691 3144 nihil
711 3087 900 3166 excerpere
925 3070 1110 3142 scholiasta
1130 3094 1198 3142 vo-

127 3187 236 3260 luerit
254 3212 261 3257 :
280 3190 422 3280 etenim,
440 3211 636 3284 quanquam
655 3188 802 3283 simplex
819 3190 856 3258 in
872 3188 1049 3260 suadendo
1062 3196 1096 3260 et
1108 3210 1197 3281 gra-

127 3304 181 3377 vis
202 3327 280 3376 esse
304 3304 407 3377 debet
432 3306 561 3392 oratio,
591 3327 772 3400 nunquam
793 3305 829 3374 in
855 3305 1030 3376 sententia
1049 3301 1196 3375 dicenda

127 3421 361 3515 perorationis
381 3431 555 3516 praecepta
571 3420 692 3492 Cicero
706 3419 837 3492 oblitus
857 3431 923 3493 est.

177 3537 373 3632 Antequam
391 3537 482 3608 hanc
501 3536 763 3610 enarrationem
781 3536 973 3624 conficiam,
991 3534 1081 3605 illud
1094 3533 1192 3623 mihi,

128 3665 166 3727 ut
183 3655 351 3744 arbitror,
373 3656 566 3727 notandum
588 3664 652 3746 est,
681 3655 814 3727 seilicet
837 3654 1109 3739 Quintilianum,
1134 3654 1194 3748 qui

127 3770 331 3843 Ciceronem
349 3770 434 3841 dicit
453 3771 613 3842 omnibus
637 3770 808 3865 exemplis
829 3769 1003 3855 sufficere,
1020 3792 1134 3865 neque
1150 3769 1193 3841 de

125 3888 192 3960 ista
206 3886 482 3982 interrogatione
492 3911 611 3987 ‚neque
626 3888 669 3960 de
684 3887 842 3962 oratione
855 3887 891 3958 in
907 3886 1066 3960 Clodium
1075 3895 1109 3960 et
1120 3885 1190 3958 Cu-

121 4191 127 4201 ·
160 4179 167 4212 ¹
185 4172 251 4228 Vide
261 4177 389 4242 imprimis
403 4178 544 4228 orationem
554 4178 585 4227 de
596 4175 766 4242 Haruspicum
779 4177 919 4243 responsis.

158 4255 169 4290 ²
185 4258 221 4308 De
234 4258 283 4308 hoc
298 4257 441 4322 fragmento
455 4258 620 4309 disserimus:
634 4276 647 4307 u
660 4258 719 4310 Non
731 4257 799 4308 enim
811 4258 938 4319 viderunt,
954 4272 1026 4322 quos,
1042 4274 1054 4304 r
1066 4261 1113 4307 011.
