3044 4938
309 363 341 414 42
428 363 475 412 DE
497 357 711 415 CICERONIS
731 356 974 410 ORATIONUM
996 357 1262 411 FRAGMENTIS

311 481 468 552 tribunos
488 479 598 573 plebis
616 486 836 550 creaverunt.
854 477 945 560 Quid
959 477 1069 569 igitur
1085 478 1226 566 mirum,
1243 479 1271 549 si
1287 478 1379 550 hanc

310 595 544 692 eloquentiam
557 595 707 690 populus
723 595 926 687 suspiceret,
942 593 1193 682 admiraretur,
1212 594 1380 666 maximo-

311 737 378 807 que
397 713 520 805 plausu
540 711 741 805 exciperet?
756 711 883 782 Nonne
907 709 999 780 enim
1018 708 1260 781 delectabatur
1280 710 1381 780 simul

310 853 351 900 ac
371 829 654 923 permovebatur,
668 850 774 920 quum
794 826 918 920 ample,
941 823 1077 919 copiose
1096 835 1131 897 et
1150 828 1306 918 graviter
1321 848 1382 896 eas

312 945 422 1038 leges
437 968 514 1039 quae
524 943 729 1038 justissimae
743 941 1103 1035 libertatisprincipia
1113 939 1379 1029 confirmabant,

310 1061 362 1132 M.
383 1059 526 1130 Tullius
555 1068 798 1146 enumeraret,
832 1081 1003 1152 quumque
1030 1059 1067 1128 in
1097 1057 1182 1128 istos
1205 1055 1380 1145 nobiles'¹,

312 1177 371 1272 qui
380 1175 611 1247 inimicissimi
626 1172 925 1267 infensissimique
936 1180 1037 1244 erant
1052 1173 1162 1268 plebis
1174 1171 1381 1260 fautoribus

312 1318 391 1364 cum
410 1315 547 1363 summa
563 1290 598 1362 vi
610 1289 861 1362 inveheretur?

361 1409 533 1502 Reliquus
552 1415 628 1478 erat
658 1406 833 1500 epilogus,
855 1406 994 1501 inque,
1016 1408 1045 1478 si
1072 1407 1262 1478 novissima
1279 1404 1383 1499 frag-

211 1542 219 1558 *
267 1541 269 1546 ·
313 1533 444 1612 menta,
473 1546 551 1617 quae
583 1523 738 1595 servavit
768 1523 950 1614 Asconius,
984 1525 1125 1617 propria
1150 1523 1384 1616 perorationis

313 1665 389 1713 esse
410 1640 614 1730 videantur,
636 1663 705 1710 non
726 1639 787 1710 illo
807 1639 940 1734 impetu
959 1637 1141 1711 ferebatur
1164 1638 1295 1725 (licere,
1318 1663 1385 1732 quo

306 1755 432 1856 'facile
454 1763 597 1849 propter
618 1755 804 1847 quemdam
822 1756 929 1827 animi
951 1755 1118 1844 dolorem,
1137 1764 1175 1826 ut
1184 1757 1260 1850 Jam
1278 1779 1384 1850 supra

317 1870 446 1942 dictum
468 1878 534 1960 est,
558 1869 770 1956 excellebat3
788 1873 862 1961 sed,
886 1872 977 1967 quod
991 1872 1094 1944 fidem
1113 1870 1208 1958 facit,
1225 1871 1385 1943 fiduciam

319 1985 507 2058 maximam
531 2007 606 2078 prae
629 2009 667 2056 se
692 1983 842 2077 ferebat,
864 1998 1029 2081 tanquam
1058 1987 1100 2060 de
1117 2010 1223 2060 causa
1243 2011 1306 2060 sua
1322 2012 1388 2082 op-

318 2105 402 2174 time
424 2102 584 2173 sentiret.
609 2101 663 2172 Ad
679 2102 767 2194 haec,
788 2127 854 2200 quo
875 2102 1012 2175 facilius
1031 2126 1131 2176 reum
1148 2103 1388 2192 indemnatum

312 2223 449 2317 judices
465 2223 693 2304 dimitterent,
704 2220 746 2310 in
761 2220 967 2291 memoriam
982 2243 1102 2290 eorum
1119 2219 1307 2290 revocabat
1321 2220 1387 2290 ho-

318 2338 464 2425 minem,
480 2347 519 2408 ut
536 2339 612 2432 ipse
627 2337 676 2407 ait
693 2330 719 2423 2,
735 2334 804 2405 diis
824 2345 857 2406 et
876 2334 1052 2406 nobilitati
1067 2334 1297 2428 perinvisum,
1321 2334 1384 2406 Gn.

317 2454 534 2547 Pompeium,
555 2454 613 2547 qui
636 2473 777 2522 causam
793 2449 873 2543 lege
888 2449 1000 2521 Varia
1019 2451 1062 2521 de
1077 2451 1259 2544 majestate
1271 2450 1385 2526 ,dixe-

319 2576 387 2656 rat,
404 2575 549 2660 eratque
566 2576 696 2656 tamen,
713 2565 896 2659 utopinor,
913 2565 1104 2639 absolutus.
1115 2566 1262 2656 Verum,
1278 2589 1388 2661 prop-

320 2690 418 2753 terea
437 2681 529 2776 quod
547 2704 684 2774 semper
704 2681 739 2750 in
758 2681 954 2773 perorando
969 2679 1144 2751 audientis
1159 2680 1313 2750 animum
1328 2689 1389 2752 aut

202 2815 207 2826 ³
318 2795 467 2866 incitare
486 2806 546 2867 aut
573 2795 685 2868 lenire
704 2804 892 2866 conaretur
919 2795 1053 2883 Cicero,
1076 2795 1166 2868 hanc
1189 2796 1386 2891 opinionem

319 2919 454 2981 tantum
481 2911 695 2984 vendibilem
719 2934 797 2982 esse
818 2910 1037 2999 confitemur,
1067 2921 1172 3007 atque
1190 2912 1387 2984 hocunum

319 3024 550 3116 affirmamus,
580 3029 722 3118 scilicet,
751 3028 849 3097 iniis
876 3025 1097 3120 fragmentis,
1129 3053 1207 3124 quae
1234 3029 1387 3125 undique

277 3212 279 3216 .
319 3142 483 3214 Baiterus
515 3143 784 3236 diligentissime
823 3141 982 3236 collegit,
1020 3143 1109 3215 illud
1148 3146 1242 3240 quod
1270 3145 1386 3216 Graeci

319 3255 475 3329 παθητικὸν
504 3258 705 3346 nomina-nt,
734 3282 871 3353 quoque
904 3259 1159 3353 perturbantur
1190 3261 1300 3332 animi
1333 3262 1389 3332 vel

322 3373 553 3465 concitantur,
576 3397 688 3468 neque
710 3375 900 3446 eminuisse
915 3399 1026 3470 neque
1046 3376 1183 3449 anobis
1201 3399 1278 3448 esse
1305 3376 1389 3446 ani·

320 3479 554 3560 madversum.
874 3501 876 3507 ’

353 3729 362 3764 1
381 3747 393 3775 u
409 3732 455 3789 Qui
470 3747 520 3782 non
533 3732 608 3781 modo
624 3748 681 3782 cum
697 3731 777 3792 Sulla,
793 3754 805 3778 2>
819 3736 867 3784 etr.

352 3809 364 3843 2
380 3829 393 3853 a
411 3811 536 3860 Memoria
551 3818 634 3873 teneo,
650 3816 860 3878 quamprimum,
877 3835 888 3862 u
904 3821 953 3865 etc.

705 4050 1015 4061 ...Q-⁴..
