3044 4938
310 423 342 474 70
430 421 478 472 DE
499 417 713 471 CICERONIS
732 418 972 471 cantionum
993 417 1255 470 raaonunms

313 545 380 614 rnio
406 540 616 638 primoribus
635 540 748 612 labris
771 549 906 612 tantum
934 549 1084 629 attacto,
1112 547 1151 612 ut
1173 545 1376 612 senatorum

310 665 478 740 invidiam
500 663 537 734 in
556 662 798 736 adversarium
821 661 1027 767 concitaret,
1042 684 1120 732 cum
1139 660 1288 754 quodam
1308 660 1377 732 do-

310 789 386 862 lore
411 784 679 880 iracundiaque,
704 805 785 856 nam
809 782 1017 854 suavitatem
1041 801 1221 851 assumere
1245 777 1281 847 in
1309 776 1376 850 hac

309 904 476 978 orationis
491 911 590 999 parto
608 927 745 997 semper
760 903 906 991 studuit,
927 903 1081 974 breviter
1105 901 1272 973 narrabat
1283 923 1377 994 quo-

309 1023 412 1096 modo
425 1020 628 1093 concionem
644 1020 774 1093 habere
793 1020 886 1113 apud
903 1019 1068 1114 populum
1083 1017 1301 1104 tentavisset,
1323 1025 1371 1102 et,

310 1135 572 1232 tribunoplebis
587 1133 827 1226 interdicente,
842 1159 862 1208 a
877 1135 1004 1230 populo
1019 1134 1196 1208 Romano¹
1210 1135 1375 1206 universo

309 1277 379 1326 uon
395 1255 500 1326 unius
518 1251 587 1324 diei
605 1251 879 1344 gratulationem
901 1250 963 1322 sed
981 1252 1212 1323 aeternitatem
1226 1251 1376 1322 immor-

310 1370 550 1464 talitatemque
566 1367 775 1462 accepisset3
797 1389 879 1439 nam
896 1366 1001 1462 hujus
1015 1367 1226 1438 narrationis
1241 1366 1374 1460 princi—

309 1483 366 1578 pia
380 1481 422 1556 Α.
445 1483 578 1557 Gellius
596 1483 646 1556 ita
664 1482 885 1555 asservavit:
902 1508 920 1553 r
936 1481 1086 1556 Escendi
1098 1483 1136 1552 in
1150 1473 1369 1553 concionem:

308 1623 498 1672 concursus
510 1609 562 1672 est
572 1599 691 1696 populi
702 1597 853 1672 factus.»
861 1601 1000 1688 Postea,
1010 1623 1071 1671 seu
1083 1598 1242 1692 supplicii
1252 1598 1373 1692 conju·

308 1715 647 1790 ratoruminvidiam
656 1715 692 1786 in
702 1737 812 1788 unum
822 1716 999 1788 consulem
1009 1717 1050 1800 Q.
1060 1713 1224 1788 Metellus
1235 1722 1372 1786 vetera·

308 1831 396 1904 torio
405 1833 596 1927 rejecisset,
610 1857 685 1923 seu,
695 1835 770 1928 Jam
781 1833 1112 1925 riltionisprovidus,
1123 1855 1239 1927 quam,
1249 1852 1373 1903 consu-

306 1948 378 2020 latu
386 1957 541 2044 peracto,
551 1949 1372 2045 sibisperabantCiceronisinimici,ipsesocium

308 2059 473 2136 facinoris
490 2065 707 2161 periculique
722 2075 884 2140 senatum
898 2066 964 2138 sibi
978 2067 1175 2162 adjungere
1184 2066 1369 2154 voluisset,

307 2181 578 2274 quammaxima
600 2205 684 2253 voce
702 2205 740 2252 se
759 2180 908 2252 decretis
932 2189 1130 2254 senatorum
1150 2191 1287 2254 tantum
1306 2205 1368 2276 pa-

307 2295 433 2383 ruisse,
450 2317 487 2366 se
502 2303 636 2367 tantum
653 2319 707 2386 ea,
723 2319 801 2390 quae
815 2305 1022 2386 statuerant,
1035 2297 1240 2390 praestitisse
1253 2307 1372 2370 noster

306 2409 558 2502 proclamabat,
576 2398 614 2482 ut
628 2413 717 2484 illud
731 2414 899 2486 orationis
912 2411 1148 2506 fragmentum
1162 2415 1255 2509 apud
1263 2415 1373 2498 Quin·

307 2522 466 2596 tilianum
486 2533 662 2600 testatur:
693 2555 711 2594 u
737 2531 904 2602 Vestrum
925 2530 1000 2622 jam
1019 2530 1074 2600 hic
1090 2527 1221 2602 factum
1243 2531 1372 2625 depre-

305 2635 481 2728 henditur,
501 2642 625 2716 Patres
636 2643 846 2739 Conscripti,
864 2670 934 2717 non
950 2669 1065 2717 meum
1088 2671 1095 2716 :
1114 2669 1155 2717 ac
1172 2647 1372 2741 pulcherri-

308 2779 401 2826 mum
421 2756 559 2851 quidem
580 2755 711 2830 iactum
734 2785 897 2850 :verum‚
921 2771 960 2833 ut
976 2761 1060 2847 dixi,
1076 2783 1146 2830 non
1163 2785 1291 2847 meum,
1313 2761 1371 2834 sed

306 2882 474 2945 vestrum.
492 2917 541 2928 —
555 2875 629 2946 Vos
648 2877 741 2947 enim
757 2878 941 2966 statuistiS,
956 2901 1018 2948 vos
1037 2877 1245 2950 sententiam
1259 2877 1370 2948 dixis-

306 2987 363 3077 tio,
387 3010 448 3058 vos
467 2987 652 3090 judicastis
685 3016 703 3060 u
723 2991 788 3078 Ibi,
807 3016 852 3062 ne
875 2991 985 3064 oratio
1005 3014 1074 3087 uno
1096 3000 1218 3065 tenore
1233 2993 1366 3074 flueret,

307 3099 506 3172 delectandi
532 3125 573 3174 ac
589 3105 734 3196 jocandi
762 3129 881 3194 causa,
901 3107 945 3179 de
964 3105 1110 3179 Metello
1134 3106 1295 3202 quaedam
1314 3107 1369 3176 in-

219 3259 222 3266 «
307 3217 532 3312 terponebat,
555 3225 610 3304 et,
633 3243 711 3290 cum
736 3222 950 3316 quadrandae
973 3221 1366 3308 sententiae-industria,

306 3341 502 3404 nouantem
517 3334 594 3406 sine
603 3333 735 3430 lepore,
748 3337 1043 3431 mirabaturquod
1057 3335 1261 3410 defensores
1274 3356 1366 3420 suos,

304 3447 361 3540 qui
389 3447 493 3519 malae
512 3447 650 3544 ‘quami
670 3451 802 3523 nullius
824 3454 876 3524 rei
899 3452 1006 3524 duces
1035 3475 1112 3524 esse
1139 3451 1330 3541 malebant,
1351 3472 1369 3520 e

302 3561 504 3658 longinquis
523 3566 730 3659 regionibus
748 3567 847 3662 plebs
868 3567 1059 3639 asciscebat
1077 3567 1367 3660 arcessebatque;

304 3681 432 3749 etenim
446 3679 522 3751 haec
535 3679 626 3753 belle
641 3683 897 3776 pronunciabat
921 3708 929 3752 ι
952 3707 970 3752 ((
991 3683 1098 3754 Venit
1117 3705 1160 3754 ex
1179 3679 1274 3752 Asia.
1295 3679 1369 3750 Hoc

302 3791 416 3885 ipsum
426 3816 529 3887 quam
543 3800 689 3866 novuml
710 3795 892 3868 Tribunus
908 3795 1001 3890 plebi
1017 3798 1114 3869 venit
1128 3820 1171 3867 ex
1184 3794 1281 3867 Asia.
1294 3794 1367 3864 Ve-

305 3916 503 3982 rumtamen
523 3912 631 3982 venit.
657 3934 676 3980 u
698 3911 756 4000 At,
779 3912 938 4006 quamvis
960 3913 1037 3984 sine
1055 3911 1160 3984 dubio
1184 3908 1245 3983 illa
1263 3931 1368 4008 supe-

334 4215 344 4249 ¹
359 4214 387 4264 ln
402 4213 431 4264 L.
447 4213 611 4280 Calpurnium
625 4217 755 4275 Pisonem,
771 4231 793 4268 c.
809 4231 847 4268 111.

335 4293 347 4329 ²
364 4294 400 4344 Ex
416 4295 475 4349 Tito
490 4296 573 4357 Livio,
588 4297 634 4354 lih.
649 4298 695 4354 111,
708 4299 790 4346 oratio
804 4298 836 4348 Τ.
851 4298 881 4366 Ω.
897 4297 1045 4368 Capitolini,

1503 11 1509 154 ¹
