3044 4938
273 394 317 444 llll
391 393 440 442 DE
460 389 669 442 CICERONIS
689 387 930 442 ORATIONUM
951 386 1218 441 retenturum

269 511 504 609 proponebat,
537 511 640 581 fidem
666 510 826 603 judicum
849 510 1102 598 obtestantem,
1131 511 1349 581 misericor-

269 630 361 701 diam
375 627 630 722 implorantem,
652 649 735 720 opes
754 628 961 714 intuentem,
974 625 1055 696 licet
1071 626 1148 719 ipse
1157 649 1350 720 nunquam

268 747 379 820 ullum
397 747 528 840 injuste
541 744 702 816 laesisset.
726 744 860 816 Verum
883 743 1004 815 nonin
1024 742 1091 814 hac
1110 743 1349 816 miseratione

267 863 473 936 morabatur
489 860 611 932 Cicero
629 885 636 929 :
655 859 804 948 etenim,
821 869 1008 954 propterea
1032 858 1126 955 quod
1144 862 1349 932 acerrimus

267 978 375 1070 longe
393 977 438 1046 sit
457 975 609 1046 omnium
628 983 742 1044 motus
763 974 904 1044 invidiae
922 973 947 1062 ¹,
964 975 999 1044 in
1016 997 1058 1045 ea
1075 975 1349 1068 comprimenda

267 1096 319 1166 illi
346 1094 508 1165 maximis
523 1091 654 1163 viribus
673 1113 760 1185 opus
779 1100 867 1164 erat.
884 1092 995 1186 Ergo,
1013 1102 1194 1189 postquam
1208 1095 1347 1188 paulu·

267 1212 342 1282 lum
365 1231 526 1282 severum
550 1215 788 1279 accusatorem
809 1208 991 1299 irriserat,
1025 1233 1043 1279 o
1075 1232 1139 1303 per
1164 1233 1268 1303 quem
1295 1235 1349 1282 ne

266 1326 439 1399 honorato
452 1325 591 1420 quidem
604 1323 736 1394 bomini
750 1333 784 1395 et
795 1322 944 1417 principi
958 1323 1081 1396 liceret
1090 1324 1223 1396 habere
1237 1349 1321 1397 com
1330 1373 1347 1379 -

154 1491 157 1504 ·
267 1443 405 1516 modam
424 1450 458 1513 et
473 1441 612 1535 plenam
631 1437 813 1530 dignitatis
828 1439 981 1526 domum,
1006 1465 1024 1508 u
1045 1449 1229 1534 postquam
1243 1464 1348 1536 pau-

267 1563 316 1634 cis
329 1560 448 1632 verbis
468 1565 605 1650 gratam
629 1556 808 1626 aedilitatis
828 1555 951 1628 Scauri
971 1557 1176 1628 memoriam
1195 1558 1233 1629 in
1253 1560 1349 1629 ani-

268 1701 341 1749 mos
359 1681 557 1760 revocarat,
577 1696 647 1743 non
667 1671 793 1755 solum,
817 1671 1000 1743 elevandae
1016 1672 1162 1744 invidiae
1184 1672 1343 1766 gratia2,

268 1816 347 1889 quae
366 1789 525 1885 asperius
546 1789 637 1860 dicta
659 1797 762 1860 erant
780 1787 830 1859 ita
852 1787 1015 1859 eludebat
1041 1813 1048 1858 :
1076 1815 1095 1858 u
1116 1789 1194 1883 Ego
1213 1814 1343 1886 porr0,

267 1908 325 2003 qui
347 1905 501 1978 Albanas
521 1902 632 1974 habeo
650 1903 843 1991 columnas,
868 1903 1005 1974 clitellis
1023 1927 1083 1975 eas
1098 1907 1297 1999 asportavi;
1322 1933 1343 1975 u

267 2023 329 2094 sed
348 2023 465 2108 etiam,
483 2019 661 2091 notissimo
677 2016 900 2090 refutationis
915 2042 1048 2112 genere
1063 2030 1178 2108 utens,
1197 2019 1344 2115 profusi

268 2147 425 2233 sumptus
454 2137 586 2207 crimen
614 2137 652 2204 iu
674 2135 790 2227 ipsum
815 2143 1054 2206 accusatorem
1079 2135 1340 2210 transferebat.

267 2256 370 2326 Hunc
389 2262 506 2326 autern
524 2252 649 2338 locum,
667 2273 781 2344 neque
798 2250 985 2340 immerito,
1008 2252 1246 2334 Quintilianus
1261 2257 1344 2325 mi-

269 2371 416 2443 rabatur
436 2377 469 2440 et
484 2365 676 2463 probabat3
694 2392 701 2436 :
721 2369 849 2438 etenim
865 2367 965 2438 modo
986 2369 1134 2456 urbane,
1152 2393 1257 2462 quum
1274 2373 1345 2442 ad-

269 2485 465 2556 versarium
489 2492 695 2575 rogaverat,
728 2507 798 2554 non
822 2483 1046 2578 exspectabat
1069 2507 1278 2578 responsum
1306 2500 1344 2561 et

268 2598 385 2669 statim
401 2597 618 2691 subjiciebat,
639 2600 648 2668 i
667 2621 708 2668 a:
730 2624 748 2667 <r
765 2599 897 2669 Domus
912 2598 975 2669 tibi
996 2600 1129 2671 deerat.
1154 2602 1341 2676 -Atha-

229 2711 231 2718 '
268 2713 386 2803 bebas,
410 2723 493 2804 etc.;
517 2737 535 2783 »
557 2713 657 2784 modo
682 2723 798 2784 autem
817 2737 897 2785 eum
921 2711 1164 2787 vehementius
1185 2717 1343 2790 invade-

268 2829 341 2917 bat,
365 2838 480 2923 atque,
503 2828 671 2900 effusione
694 2829 746 2899 rei
775 2851 854 2900 cum
874 2831 1085 2901 accusatoris
1104 2830 1274 2904 effusione
1295 2858 1341 2905 ex

268 2942 494 3014 similitudine
513 2943 654 3032 collata,
676 2965 805 3036 magna
833 2967 877 3015 ex
906 2967 966 3038 spe
990 2953 1024 3017 et
1043 2955 1280 3018 accusatorem
1304 2958 1339 3020 et

267 3067 374 3130 testes
392 3081 463 3128 uno
481 3058 552 3129 ictu
568 3058 791 3130 deturbabat.
1140 3151 1142 3160 Ι

317 3174 518 3246 Levioribus
528 3173 735 3246 criminibus
749 3176 799 3246 ita
814 3177 1041 3270 perpurgatis
1058 3175 1338 3274 refutatisqueut

268 3313 338 3361 non
354 3289 467 3360 solnm
483 3290 677 3361 accusatori
691 3292 766 3383 jam
782 3289 866 3360 fides
881 3291 1137 3380 detraheretur,
1157 3293 1336 3366 sedetiam

269 3416 307 3478 ut
321 3408 366 3478 ad
383 3406 491 3478 istum
509 3405 705 3500 Sardosque
721 3405 854 3476 invidia
872 3403 1085 3501 infamiaque
1105 3409 1333 3496 redundaret,

267 3545 406 3594 causam
416 3531 568 3592 tractare
582 3519 849 3593 frumentariam
860 3521 980 3593 Cicero
992 3523 1207 3594 instituebat.
1221 3523 1336 3607 Quum

267 3661 309 3711 ea
324 3637 568 3730 magnitudine
586 3639 726 3732 injuriae
746 3647 779 3709 et
798 3660 837 3710 re
855 3638 1061 3710 criminibus
1085 3641 1212 3711 ceteris
1230 3649 1336 3714 ante-

267 3755 424 3842 celleret,
442 3776 548 3848 quum
567 3755 610 3825 de
624 3753 852 3846 vectigalibus
871 3777 892 3826 a
909 3755 1101 3848 majoribus
1122 3756 1272 3846 traditis
1291 3759 1334 3830 de

267 3871 341 3943 vita
350 3871 511 3962 victuque
521 3868 641 3964 populi
653 3870 804 3942 Romani
818 3879 997 3963 ageretur,
1009 3894 1115 3965 quum
1125 3871 1148 3941 ii
1160 3880 1331 3963 aratoreS,

245 4109 252 4119 ·
299 4090 309 4126 ¹
325 4091 423 4147 Cicero.
438 4090 469 4140 de
484 4093 600 4149 Oratore,
614 4087 659 4141 lib.
673 4090 706 4150 ll,
721 4105 744 4140 c.
760 4104 804 4140 tn.

299 4171 310 4206 ²
324 4172 503 4231 Quintilianus,
514 4172 558 4222 lib.
572 4171 604 4231 V,
616 4186 638 4220 c.
651 4186 711 4221 xnr.

300 4253 311 4287 ³
326 4251 507 4312 Quintilianus,
523 4251 567 4322 lib.
584 4251 627 4309 lX,
643 4265 666 4305 c.
683 4262 712 4299 11.
