3070 4950
467 413 617 464 ORATIO
639 413 718 465 PRO
739 412 774 468 L.
797 414 962 466 VARENO
1225 415 1257 464 15

189 534 437 626 pronuntiabat
459 559 467 604 ι
492 559 511 604 c
531 533 681 606 Erucius
691 533 749 605 hic
767 544 885 607 noster
899 537 1123 609 Antoniaster
1143 546 1196 610 est
1211 541 1224 607 t
1238 562 1256 607 u

189 647 281 730 Quid
295 650 436 738 mirum,
454 650 483 720 si
505 649 593 721 illud
614 651 817 724 Cassianum
842 651 866 743 ¹,
889 654 981 747 quod
1000 664 1033 725 et
1052 677 1115 746 pro
1132 654 1258 724 Roscio

190 772 224 834 et
238 787 302 858 pro
322 765 453 838 Milone
476 775 596 838 noster
622 771 820 864 usurpavit,
846 770 1008 864 quodque
1037 770 1074 840 in
1099 769 1259 841 omnibus

115 893 117 898 '
184 881 357 954 -oausisac
376 884 536 978 personis
549 909 685 980 semper
704 888 811 976 valet,
837 887 1079 959 adversarium
1096 884 1258 982 captandi

190 997 442 1093 irretiendique
471 1023 589 1092 causa,
624 1003 744 1074 verbis
771 1003 952 1098 paululum
982 1005 1187 1090 immutatis,
1212 1004 1258 1075 ita

140 1121 144 1128 '
191 1115 367 1186 assumit:
399 1116 490 1187 «Et
520 1118 646 1208 caedes,
678 1119 708 1190 si
738 1119 957 1213 potissimum
987 1120 1125 1190 crimini
1143 1119 1257 1210 datur,

191 1229 294 1300 detur
315 1230 346 1302 ci
369 1232 449 1325 cuja
471 1231 644 1321 interfuit,
670 1258 740 1305 non
768 1237 799 1308 ei
818 1238 894 1331 cuja
923 1237 1012 1308 nihil
1037 1234 1221 1309 interfuit?
1241 1263 1258 1307 u

191 1345 284 1428 Quid
300 1346 450 1443 denique
476 1350 616 1435 mirum,
640 1351 670 1420 si
695 1350 749 1421 hic
768 1350 953 1425 refellendi
972 1355 1094 1425 modus
1114 1355 1158 1425 ad
1177 1355 1260 1424 imi-

192 1466 336 1540 tandum
356 1468 393 1537 in
423 1468 646 1542 Institutione
673 1471 825 1541 oratoria
853 1471 1072 1564 proponitur,
1091 1493 1197 1565 quum
1218 1493 1260 1540 ex

191 1581 341 1672 duobus,
364 1609 510 1680 quorum
530 1609 673 1658 necesse
695 1595 770 1658 erat
787 1586 937 1658 alterum
952 1610 1029 1658 esse
1042 1610 1176 1672 vorum,
1195 1585 1262 1656 eli-

192 1698 298 1790 gendi
314 1698 518 1771 adversario
537 1708 740 1794 potestatem
754 1701 875 1772 Cicero
896 1699 1002 1786 dedit,
1024 1699 1204 1794 effecitque
1223 1707 1261 1768 ut

192 1821 306 1884 utrum
326 1815 474 1908 eligeret
484 1825 627 1887 noceret
643 1841 650 1885 :
670 1841 688 1884 u
705 1815 807 1909 Optio
826 1815 924 1886 vobis
941 1816 1044 1887 datur
1065 1825 1178 1886 utrum
1197 1838 1261 1885 ve-

194 1931 266 2002 litis
299 1953 382 2003 casu
411 1932 471 2003 illo
498 1931 624 2003 itinere
648 1933 828 2004 Varenum
858 1955 958 2003 usum
986 1955 1062 2004 esse
1091 1957 1137 2006 an
1157 1933 1261 2026 hujus

195 2069 362 2142 persuasu
381 2056 415 2119 et
434 2043 609 2118 inductu2.
631 2072 648 2116 u
664 2046 837 2136 Posthaec,
857 2056 1012 2120 extrema
1030 2050 1200 2136 oratione,
1217 2049 1262 2120 iis

187 2162 264 2254 jam
284 2185 362 2257 quoe
376 2186 439 2257 pro
457 2186 494 2234 se
509 2172 610 2235 erant
623 2163 735 2234 auctis
745 2164 1091 2257 atqueamplificatiS,
1113 2188 1261 2260 quaeque

194 2301 258 2371 pro
285 2278 415 2350 Erucio
443 2286 545 2354 erant
567 2279 712 2350 elevatis
742 2287 848 2373 atque
870 2282 1071 2369 attenuatis,
1103 2279 1262 2352 Ciceroni

194 2393 361 2483 restabat,
383 2395 518 2467 clientis
543 2395 742 2466 conditione
772 2392 983 2490 fortunaque
1011 2405 1198 2485 ostentata,
1226 2409 1263 2470 ut

194 2532 322 2602 magno
342 2533 448 2604 opere
477 2511 522 2582 ad
544 2511 665 2582 fletum
678 2511 834 2604 judicem
852 2510 1046 2584 adhiberet.
1073 2512 1131 2604 At,
1153 2539 1261 2609 prop-

192 2637 289 2699 terea
307 2627 399 2721 quod
417 2651 461 2699 ex
476 2627 580 2698 Plinii
597 2625 816 2699 testimonio³
828 2627 919 2699 hanc
932 2629 1067 2700 Vareni
1083 2628 1262 2702 defensio-

193 2768 273 2816 nem
285 2744 361 2838 jam
380 2768 450 2816 non
479 2744 656 2837 integram
683 2767 760 2816 esse
779 2769 842 2839 pro
861 2752 957 2816 certo
978 2744 1161 2834 habemns,
1183 2749 1261 2842 quia

194 2860 311 2931 brevis
331 2870 366 2933 et
382 2860 476 2932 nuda
494 2861 592 2955 quasi
617 2861 823 2953 subscriptio
842 2862 1027 2932 criminum
1046 2861 1130 2934 solis
1150 2863 1261 2935 titulis

193 2975 432 3063 indicabatur,
464 2999 684 3071 nequaquam
707 3000 751 3049 ex
775 2978 843 3048 ista
876 2977 948 3047 sola
975 2976 1258 3050 exclamatione:
1313 2985 1317 2990 ’

195 3093 347 3165 «Deum
379 3091 507 3164 fidem!
542 3117 559 3161 u
591 3092 769 3165 Ciceronis
809 3092 1064 3187 perorationem
1094 3099 1260 3188 augurari

194 3207 288 3300 licet,
308 3209 345 3280 in
359 3233 426 3305 qua
445 3209 619 3282 naturalis
634 3209 774 3304 quidam
792 3208 891 3280 dolor
909 3233 1046 3302 semper
1062 3233 1139 3282 enm
1151 3212 1264 3282 dicen-

194 3334 263 3396 tem
284 3325 772 3420 incendebat,·efficiebatque
797 3333 836 3394 nt
860 3336 893 3396 et
914 3325 1058 3397 incitata
1082 3336 1117 3397 et
1142 3327 1263 3418 gravis

194 3451 228 3512 et
245 3441 432 3513 vehemens
457 3451 548 3513 esset
567 3441 693 3512 oratio.

244 3557 388 3628 Summa
415 3579 479 3650 ope
503 3557 636 3646 Cicero,
661 3565 699 3628 ut
722 3557 843 3630 videre
872 3566 936 3646 est,
968 3566 1114 3628 conatus
1133 3566 1210 3628 erat
1226 3568 1263 3629 ut

193 3675 329 3744 animos
341 3672 520 3744 hominum
534 3697 639 3768 quarn
653 3673 805 3744 maxime
824 3671 1024 3744 conciliaret
1043 3672 1088 3744 ad
1103 3673 1263 3745 benevo-

192 3789 349 3875 lentiam,
367 3812 473 3882 quum
491 3813 578 3882 erga
597 3797 784 3876 oratorem,
802 3789 874 3880 tim
894 3811 981 3880 erga
1001 3787 1098 3879 illum
1114 3813 1177 3884 pro
1196 3814 1264 3884 quo

226 4127 235 4161 ¹
251 4125 341 4175 Cicero
355 4141 402 4190 pro
416 4126 520 4188 Milone,
535 4144 557 4177 c.
573 4143 630 4190 xrn,
646 4132 671 4177 et
683 4143 729 4192 pro
742 4127 819 4178 Sexto
831 4128 924 4178 Roscio
938 4129 1070 4188 Amerino,
1086 4144 1108 4177 c.
1125 4143 1199 4176 xxxi.

225 4202 235 4236 ²
251 4203 431 4266 Quintilianus,
444 4206 488 4257 lib.
505 4207 538 4266 V,
552 4223 574 4255 c.
589 4221 614 4256 x.

226 4285 237 4322 ³
252 4285 329 4336 Plinii
340 4287 459 4350 junioris,
476 4285 608 4356 Epistolae‚
621 4285 664 4337 lib.
678 4286 701 4347 l,
712 4302 752 4353 ep.
766 4300 812 4337 xx.
