3070 4950
282 373 312 423 n
391 374 440 424 nn
460 372 677 424 nicanorus
699 369 944 424 onnrronun
967 372 1234 428 ranonnnrrs
1324 370 1334 436 ’,

284 493 359 563 sola
375 490 508 563 faceret
526 515 604 563 cum
619 492 846 585 Pompuleno,
860 492 896 561 in
914 490 1084 566 familiam
1097 496 1354 570 Ancharianam

282 608 650 697 incidissedixerunt3
674 607 800 680 deinde
813 609 1069 702 Pompulenum
1084 612 1236 682 occisum
1255 637 1350 703 esse;

282 724 375 795 illico
391 723 573 796 Varenum
593 724 750 795 vinctum
771 732 1002 813 asservatum,
1019 726 1102 796 dum
1116 726 1172 797 hic
1191 728 1353 801 ostende-

282 851 336 912 ret
356 840 500 936 quidde
523 864 563 912 eo
580 841 658 912 fieri
673 840 792 912 vellet.
812 864 830 908 n
856 841 910 913 Re
929 841 1182 928 demonstrata,
1205 867 1247 915 ex
1268 869 1351 918 ora-

282 955 367 1027 toris
401 954 531 1043 officio,
565 956 842 1027 controversiam
866 956 1097 1028 constituebat
1121 970 1264 1045 nostem
1300 969 1346 1048 et,

281 1097 388 1168 quum
408 1096 478 1143 non
494 1071 643 1164 simplex
660 1071 720 1144 sed
738 1073 926 1165 conjuncta
943 1081 1035 1144 esset
1049 1075 1207 1166 intentio,
1229 1076 1350 1147 diver-

280 1213 336 1261 sas
359 1189 610 1284 propositiones
630 1187 827 1283 jungebat¹
855 1214 862 1259 :
883 1213 901 1259 c
924 1190 1018 1282 Lege
1038 1189 1081 1261 de
1100 1190 1233 1261 sicariis
1252 1214 1349 1262 com-

280 1305 372 1377 misit
398 1305 438 1376 L.
466 1305 652 1395 Varenus;
692 1328 786 1394 nam,
824 1304 863 1375 (l.
890 1306 1072 1376 Varenum
1095 1306 1283 1378 occidendo
1318 1317 1351 1379 et

172 1490 174 1496 ,
280 1421 345 1491 Cn.
369 1420 587 1493 vulnerando
607 1429 642 1492 et
670 1419 848 1492 Salarium
870 1421 953 1491 item
976 1420 1178 1510 occidendo,
1201 1423 1304 1494 cadit.
1329 1449 1348 1493 n

278 1537 329 1609 De
349 1537 413 1608 hoc
427 1545 545 1609 autom
569 1536 656 1606 nihil
677 1535 914 1620 Quintilianus
929 1537 1142 1630 assumpsit3
1159 1536 1197 1606 id
1215 1546 1348 1609 tantum

278 1679 349 1725 non
377 1653 488 1726 semel
517 1654 578 1725 sed
609 1654 662 1725 bis
682 1652 804 1744 ,laudat
831 1650 1119 1745 commendatque
1134 1649 1160 1738 ²,
1179 1676 1246 1746 quo
1270 1677 1349 1748 quae

279 1771 546 1844 intendebantur
561 1768 605 1840 ab
619 1777 759 1840 oratore
769 1769 1075 1842 confirmabantur.
1097 1795 1115 1840 u
1128 1768 1284 1857 Interim,
1302 1770 1350 1840 ait

278 1888 353 1976 ille,
369 1887 509 1982 judices
529 1887 616 1958 etin
634 1888 839 1959 narratione
853 1909 1116 1980 nonnumquam
1135 1887 1217 1958 etin
1236 1910 1349 1979 argu-

280 2004 406 2076 mentis
425 2010 463 2074 ut
480 2001 663 2074 attendant
677 2011 711 2073 et
729 2012 767 2072 ut
786 1999 931 2074 faveant
956 2025 1142 2095 rogamus,
1168 2027 1234 2097 quo
1257 2005 1348 2074 Pro-

279 2117 376 2187 dicus
396 2117 488 2188 velut
502 2117 731 2187 dormitantes
749 2139 808 2187 eos
826 2115 974 2188 excitari
983 2115 1140 2209 putabat.
1155 2116 1262 2199 Quale
1272 2125 1345 2188 est:

282 2259 299 2301 c
315 2232 405 2302 Tum
422 2233 461 2301 G.
476 2232 654 2321 Varenus,
670 2231 773 2325 isqui
793 2253 813 2302 a
828 2230 962 2329 familia
976 2230 1198 2303 Anchariana
1218 2233 1350 2304 occisus

280 2358 344 2420 est.
373 2349 477 2438 (Hoc,
503 2371 634 2442 quaeso,
659 2346 808 2440 judiceS,
831 2347 1019 2440 diligenter
1043 2347 1240 2440 attendite.)
1264 2373 1283 2418 n
1304 2348 1350 2420 Et

279 2465 366 2536 alias
385 2491 392 2536 :
410 2491 428 2533 o
448 2464 599 2536 Brevior
614 2462 689 2550 illa,
703 2471 741 2533 ut
762 2463 810 2534 ait
828 2463 962 2553 Cicero,
981 2486 1001 2535 a
1021 2486 1060 2534 re
1078 2461 1251 2556 digressio
1266 2460 1349 2556 plu-

280 2582 379 2653 rimis
408 2582 448 2652 lit
475 2580 608 2667 modis3
643 2578 705 2651 sed
729 2578 807 2668 hoc,
838 2579 987 2673 exempli
1014 2579 1143 2672 gratia,
1166 2575 1344 2650 sufficiet:

284 2698 374 2770 'l'um
397 2699 435 2770 C.
459 2698 636 2786 Varenus,
659 2706 724 2768 eto.
749 2721 766 2765 u

328 2817 387 2904 At,
405 2814 434 2886 si
450 2815 487 2885 in
512 2813 639 2884 ceteris
658 2810 804 2884 actionis
817 2813 975 2905 partibus
993 2836 1131 2907 semper
1148 2814 1198 2885 ita
1210 2835 1349 2884 accom-

281 2933 454 3004 modatam
467 2930 573 3002 rebus
587 2928 779 3000 orationem
793 2927 844 2998 M.
863 2927 1004 2998 'Pullius
1019 2928 1172 3017 adhibet,
1190 2937 1228 3000 ut
1246 2949 1350 2999 acer-

281 3049 369 3118 rimo
388 3045 524 3116 dicendi
547 3043 750 3116 aestimatori
770 3042 873 3116 valde
887 3044 1040 3116 etunice
1058 3043 1241 3137 placuerit,
1261 3043 1350 3114 solet

280 3173 412 3253 tamen,
442 3184 561 3255 quum,
585 3159 738 3230 breviter
759 3169 952 3253 arguteque
971 3158 1104 3230 incluso
1127 3158 1346 3245 adversario,
1417 3241 1423 3248 .

282 3277 415 3348 laxavit
434 3275 595 3369 judicum
618 3276 764 3364 animoa,
783 3299 957 3370 quumque
988 3274 1154 3347 refutavit
1181 3284 1215 3348 et
1242 3272 1349 3366 fregit

281 3416 361 3490 quae
376 3402 495 3464 contra
510 3390 728 3479 dicebantur,
750 3392 914 3464 audacius
927 3393 1115 3464 exsultare.
1134 3391 1225 3474 Quid
1238 3389 1349 3482 igitur
1411 3375 1417 3384 ’

281 3511 427 3596 mirum,
466 3510 495 3580 si
524 3508 761 3592 Quintilianus
788 3509 882 3580 hunc
916 3509 953 3578 in
984 3509 1117 3580 Vareni
1147 3505 1350 3578 defensione

277 3628 395 3721 jocum
411 3625 521 3696 nostri
539 3625 690 3696 oratoris
704 3633 801 3696 notat
818 3624 1063 3719 designatqne,
1075 3623 1148 3718 qui,
1167 3632 1349 3717 postquam

281 3741 475 3815 accusatori
490 3740 525 3809 id
540 3739 630 3834 quod
648 3763 768 3811 omnes
786 3738 1013 3811 detrahebant
1030 3736 1141 3810 facete
1163 3761 1347 3809 concesse-

284 3868 351 3945 rat,
371 3855 566 3927 imitatione
586 3854 705 3926 Erucii
728 3854 874 3925 ridicule
903 3853 1085 3926 indicanda
1112 3850 1137 3940 ³,
1168 3852 1232 3924 hoc
1258 3852 1349 3926 belle

314 4077 515 4140 ¹Quintilianus,
532 4075 574 4126 lib.
593 4073 639 4134 IV,
652 4091 674 4126 c.
691 4089 708 4125 1.

314 4159 518 4221 contundimus,
533 4158 568 4207 lib
593 4156 637 4216 lV‚
654 4173 675 4209 c.
693 4167 710 4216 t,
727 4157 752 4205 ab
766 4153 810 4206 lib.
824 4155 868 4217 tx,
882 4173 903 4204 c.
920 4171 946 4206 ιι.

241 4281 243 4288 .
315 4240 517 4302 Quintilianus,
532 4238 576 4288 lib.
593 4237 664 4297 vlll,
679 4255 701 4286 c.
718 4250 755 4286 nt.
