3024 4944
271 391 316 448 tal
372 391 625 444 FRAGMENTA
646 387 889 441 ORATIONUM
910 387 1236 440 DEPERDITARUM

267 509 397 588 quisque
405 484 587 587 jamdudum
602 509 712 570 solitus
726 516 809 585 erat3
825 513 975 586 praterea
991 527 1073 588 saepe
1086 509 1163 571 alias
1178 529 1218 570 ex
1232 517 1338 572 nostro

267 622 389 678 oratore
412 616 574 678 didicimus
596 634 686 692 quam
716 616 748 676 iu
771 617 947 677 altercando
970 617 1167 677 vehementes
1192 635 1340 695 acresque

267 731 372 788 essent
385 730 553 800 senatores,
569 723 667 800 quasi,
686 723 813 800 idquod
828 725 1003 801 paulopost
1020 723 1144 801 accidit,
1161 724 1340 802 reipublicae

268 830 489 891 alienissimum
508 835 629 908 tempus
650 830 872 908 providissent,
889 850 948 908 quo
961 833 1089 892 vocibus
1103 833 1233 894 eruditis
1248 836 1341 893 orba-

268 945 333 999 tum
356 943 403 998 est
424 939 536 1014 forum,
553 938 679 1016 ipsaque
698 937 883 1015 eloquentia,
897 955 972 1024 xquae
998 939 1152 1016 quondam
1170 939 1341 1018 plurimum

269 1048 421 1116 valuerat,
435 1051 543 1123 pacata
558 1050 615 1105 est.

310 1154 423 1214 Habita
441 1158 489 1212 est
509 1153 608 1213 oratio
631 1154 717 1216 Coss.
741 1154 798 1216 Gn.
822 1153 956 1214 Domitio
977 1153 1123 1231 Calvino,
1147 1156 1190 1216 M.
1215 1155 1341 1218 Valerio

270 1261 415 1337 Messala,
433 1279 513 1322 anuo
527 1259 568 1322 53
581 1265 653 1324 aute
664 1260 751 1326 J.·O.
767 1293 805 1308 -
821 1262 911 1322 Anno
926 1260 1085 1324 Ciceronis
1099 1261 1149 1336 54.

195 1497 197 1502 .
310 1451 334 1510 I.
360 1450 415 1512 1...
439 1449 613 1512 adversarii
628 1451 651 1512 ¹.

223 1546 230 1552 ’
296 1555 338 1617 ’2.
363 1556 546 1636 Ejiciundus
558 1564 606 1618 est
620 1575 658 1620 ex
672 1541 749 1620 urbe
764 1559 842 1621 civis
853 1566 961 1622 auctor
973 1565 1004 1622 et
1018 1564 1120 1622 custos
1133 1559 1254 1637 salutis,
1271 1560 1341 1638 otii,

273 1664 446 1741 dignitatis,
462 1665 544 1726 fidei.

309 1774 329 1831 3
342 1778 372 1831 et
387 1773 415 1832 4.
440 1773 645 1835 lnclndendus
659 1774 742 1835 intra
760 1775 906 1854 parietes,
923 1778 975 1854 qui
993 1777 1098 1855 populi
1112 1777 1231 1838 romani
1243 1777 1343 1854 impe-

271 1880 353 1939 rium
375 1899 434 1938 non
458 1886 614 1940 terrarum
628 1881 817 1960 regionibus,
835 1883 888 1942 sed
906 1884 976 1944 coeli
991 1885 1132 1961 partibus
1149 1883 1341 1944 terminavit.

311 1989 351 2047 Il.
377 1986 406 2045 1.
430 1987 496 2046 Nec
510 2005 585 2047 vero
601 1994 667 2047 tum
681 1989 850 2050 timendum
863 1989 932 2067 fuis,
948 2009 1041 2068 quum
1051 1991 1209 2051 cessimus.

314 2097 343 2155 2.
368 2094 501 2154 Eosdem
517 2094 554 2155 ad
569 2096 683 2156 caedem
696 2096 812 2156 civium
824 2097 861 2156 de
876 2097 1035 2175 Apennino
1050 2097 1214 2157 deduxisti.

314 2181 536 2282 3.*Lapidibus
552 2203 612 2263 duo
627 2204 767 2263 consules
783 2203 970 2266 ceciderunt.

315 2311 344 2369 4.
370 2310 428 2382 Qui
448 2311 554 2370 multis
575 2310 818 2389 inspectantibus
839 2315 929 2390 caput
952 2311 1097 2384 feriabaS,
1119 2311 1232 2372 femina
1253 2312 1343 2388 plan·

275 2418 380 2498 gebas.

315 2527 344 2586 5.
427 2506 811 2590 'beranimoseconfidens

314 2633 344 2694 6.
368 2635 438 2693 Non
461 2634 576 2710 pudetl
602 2634 655 2694 sed
673 2634 746 2711 quid
767 2635 879 2712 pudeat
901 2634 1054 2696 hominem
1078 2653 1137 2693 non
1168 2633 1255 2694 modo
1277 2632 1342 2694 sine

276 2742 401 2816 rubore,
417 2759 526 2801 verum
541 2741 663 2801 omnino
678 2741 822 2804 sineere.

314 2849 345 2908 7.
370 2848 420 2908 Sic
442 2847 524 2908 enim
551 2843 690 2909 homines
714 2854 840 2926 egentes
863 2856 896 2908 et
922 2851 1083 2910 turbarum
1111 2850 1212 2927 cupidi
1235 2850 1343 2927 loque-
1380 2857 1383 2862 '

254 2955 743 3034 *banturzovirum†usuum!

315 3065 343 3124 8.
369 3063 451 3123 Male
465 3065 567 3124 dicere
581 3070 694 3141 autem,
709 3065 801 3125 immo
816 3083 892 3124 vero
911 3066 998 3124 domo
1009 3063 1182 3143 'principem
1197 3065 1296 3126 civem
1309 3065 1342 3124 vi

275 3181 306 3234 et
319 3178 401 3232 metu
417 3171 582 3231 continere.

315 3281 371 3342 lll.
397 3279 424 3340 1.
450 3279 492 3340 Ut
506 3295 581 3356 quas
595 3279 722 3339 haberet
736 3279 768 3338 in
783 3278 936 3340 vestibulo
950 3280 1071 3341 tabulas
1085 3280 1240 3360 religaret.
1307 3297 1312 3300 ·

314 3387 344 3448 2.
366 3387 489 3446 Etenim
502 3385 574 3455 tria,
593 3392 626 3445 ut
641 3384 758 3464 opinor,
775 3387 841 3446 haec
858 3387 890 3445 in
905 3387 1029 3449 Milonis
1043 3405 1203 3465 personam
1217 3391 1343 3465 questus

275 3512 320 3569 es,
338 3494 375 3554 de
393 3511 455 3553 aare
467 3492 577 3569 alieno,
595 3493 634 3552 de
654 3493 697 3566 vi,
722 3496 760 3554 de
779 3494 905 3554 ambita.
925 3496 991 3554 Duo
1005 3495 1172 3572 praeteristi
1189 3517 1196 3555 ε
1214 3495 1290 3555 nihil
1305 3496 1343 3556 de

260 3581 265 3588 η’
275 3602 477 3680 religionibus
492 3599 628 3678 violatis,
644 3601 721 3662 nihil
737 3602 774 3662 de
786 3601 922 3664 incestus
937 3604 1053 3681 stupris
1067 3611 1190 3682 questus
1202 3623 1246 3666 es.

315 3693 345 3770 3.
431 3710 507 3770 lium
522 3709 655 3770 nomina.

315 3821 371 3878 Est
385 3818 467 3877 enim
481 3835 670 3896 quocumque
685 3816 770 3877 venit
784 3822 814 3876 et
828 3835 952 3880 reorum
965 3819 1081 3880 crimen
1095 3827 1127 3883 et
1137 3820 1286 3900 judicum.

315 3928 344 3986 4.
369 3928 527 4005 Tuamque
540 3931 708 4005 praeturam
719 3944 777 3986 nou
791 3932 843 3986 tuo
858 3945 943 3988 more
957 3928 1094 3990 differas.

315 4037 370 4098 IV.
397 4035 424 4096 1.
446 4035 511 4096 Nec
526 4033 672 4112 suffragia
686 4035 773 4097 dabis
789 4037 898 4116 quibus
912 4044 1057 4102 ostentas.

304 4275 313 4310 ι
328 4271 361 4312 De
371 4270 407 4318 hia
417 4269 555 4330 fragmentis
564 4269 721 4314 consulendus
731 4275 766 4316 est
776 4271 904 4320 scholiasta
917 4274 1049 4322 bobiensis.
