3044 4938
291 421 336 472 tot
405 420 453 469 Did
474 417 694 470 CICERONIS
715 417 956 468 ORATIONUM
978 415 1245 466 FRAGMENTIS

290 540 483 636 repentinae
509 542 630 612 mortis
653 521 875 629 disserendo,
905 537 967 610 'sed
989 538 1094 610 etiam
1114 561 1158 609 ex
1183 537 1363 631 persona¹

290 655 354 744 rei,
381 681 424 729 ex
448 655 604 745 fortuna,
628 680 671 728 ex
694 663 878 750 potestate,
903 653 1113 726 innocentiae
1133 651 1366 748 probationes

288 773 448 865 petiisse3
472 779 647 866 praeterea
660 766 922 855 Quintilianus2
939 793 1002 841 nos
1018 769 1138 842 edocet
1156 769 1193 839 in
1209 780 1366 841 matrem

289 889 446 960 Bostaris
456 910 593 958 veneno
607 887 722 959 necati
737 887 876 979 culpam
890 885 1091 959 Ciceronem
1105 885 1292 968 avertisse;
1310 895 1364 974 et,

289 1026 457 1100 personas
470 1026 664 1099 causasque
681 1002 926 1098 comparando,
942 1001 1069 1074 deinde
1084 1001 1277 1074 orationem
1301 1003 1368 1072 di-

290 1145 402 1194 versae
422 1121 532 1216 partis
550 1120 731 1208 imitando,
758 1120 794 1190 in
813 1111 1145 1192 contradictionibus
1160 1126 1269 1189 totum
1290 1141 1367 1189 ex—

287 1236 445 1331 posuisse
458 1237 604 1320 crimen,
618 1245 722 1330 atque
735 1214 802 1306 ista
819 1235 1033 1329 expositione
1047 1233 1151 1305 fidem
1161 1237 1366 1306 accusatori

288 1351 428 1424 omnino
444 1352 643 1423 abstulisse.
664 1351 764 1422 lllam
778 1349 1003 1422 artificiosam
1017 1348 1365 1440 argumentationem
1380 1409 1386 1416 .

288 1467 326 1538 in
336 1468 496 1541 manibus
511 1490 588 1540 esse
601 1466 775 1560 imprimis
790 1465 940 1536 velimus
953 1489 962 1555 3
983 1485 1076 1556 nam,
1094 1464 1160 1533 nisi
1174 1464 1279 1556 plane
1288 1463 1366 1533 ad·-

288 1585 486 1657 versarium
504 1583 737 1671 deturbasset,
764 1605 943 1676 nunquam
965 1583 1001 1680 in
1025 1581 1262 1654 ratiocinando
1277 1606 1365 1653 cum

287 1710 384 1774 tanta
400 1701 507 1772 animi
521 1700 649 1771 fiducia
665 1700 769 1780 istum
783 1698 833 1784 ita
849 1698 1127 1792 interpellasset:
1147 1723 1165 1766 u
1182 1696 1361 1790 Agedum,

288 1841 353 1910 ego
373 1814 513 1888 defendi
540 1816 722 1903 Scaurum,
747 1815 872 1887 ,Triari
885 1838 894 1904 3
922 1811 1070 1886 defende
1083 1865 1092 1901 ,
1118 1823 1178 1900 tu,
1208 1823 1364 1884 matrem

286 1932 459 2018 Bostaris
477 1953 581 2024 quam
597 1930 710 2022 ipsam
726 1952 839 2022 arguo
859 1929 940 2001 huic
959 1930 1072 2026 culpae
1092 1951 1168 2002 esse
1184 1925 1361 2000 affinem»

286 2047 454 2140 Denique,
478 2045 596 2140 paucis
616 2045 742 2116 additis
766 2055 804 2116 ut
822 2045 859 2116 in
882 2046 932 2115 M.
956 2044 1089 2115 Scauro
1109 2043 1224 2114 scelus
1246 2043 1319 2116 tale
1331 2041 1359 2132 ³,

287 2161 446 2254 exemplo
468 2160 589 2250 allato,
616 2159 825 2232 incredibile
844 2185 918 2232 esse
937 2160 1132 2243 videretur,
1161 2160 1206 2229 ad
1224 2160 1360 2232 crimen

286 2277 564 2364 incontinentiae,
578 2276 858 2368 intemperantiae
871 2299 912 2347 ac
924 2276 1108 2347 libidinum
1123 2283 1286 2361 venerat,
1304 2286 1357 2366 et,

286 2397 366 2490 quia
393 2418 499 2466 causa
526 2402 601 2466 erat
625 2395 831 2489 multiplex,
853 2394 934 2465 huic
960 2395 1052 2488 parti
1076 2392 1228 2488 aliquam
1251 2393 1361 2466 dabat

184 2533 187 2537 ·
285 2509 539 2606 praefationem.

336 2627 495 2698 Triarius
507 2626 759 2700 criminabatur
771 2627 915 2698 Arinem
926 2629 1141 2721 quemdama
1157 2630 1206 2698 M.
1221 2631 1358 2700 Scauro

285 2742 409 2837 lugere
425 2767 502 2815 esse
521 2754 692 2830 coactum,
714 2743 806 2838 quod
821 2766 920 2815 suam
942 2744 1129 2836 conjugem
1148 2744 1250 2816 istius
1268 2743 1356 2815 libi-

285 2860 360 2931 dini
374 2861 459 2931 dare
478 2860 602 2950 nollet,
614 2869 720 2954 atque
737 2858 895 2930 eamdem
909 2859 1052 2951 injuriae
1067 2859 1259 2932 remedium
1273 2883 1358 2932 sus-

285 2976 411 3068 pendio
429 2976 645 3069 quaesivisse.
673 2977 748 3046 Hoc
774 2983 892 3046 autem
918 2975 1050 3046 crimen
1068 2999 1139 3046 non
1158 2974 1270 3046 solum
1295 2976 1358 3046 di-

283 3091 381 3162 luere
391 3089 513 3159 Cicero
525 3090 693 3180 tentabat,
706 3090 880 3162 sedetiam
892 3089 1141 3178 uxorisletum,
1154 3113 1225 3161 non
1236 3098 1354 3162 tamen

213 3253 221 3260 -
284 3204 405 3275 eodem
426 3203 527 3276 modo
541 3229 607 3298 quo
620 3205 712 3276 circa
725 3205 883 3276 Bostaris
899 3216 1046 3279 mortem
1065 3217 1141 3280 erat
1160 3231 1355 3302 argumen-

284 3329 390 3407 tatus,
412 3320 449 3390 in
464 3320 553 3391 Ariu
573 3321 689 3414 ipsum
711 3330 880 3394 avertere·
893 3320 1063 3394 tentabat.
1083 3323 1231 3412 Verum,
1253 3325 1353 3418 quasi

284 3459 355 3506 non
369 3457 430 3507 sua
445 3435 510 3530 ipsi
524 3447 735 3528 argumenta
757 3436 843 3508 satis
862 3435 964 3508 firma
982 3461 1059 3509 esse
1076 3439 1296 3527 viderentur,
1314 3449 1353 3510 ut

285 3555 419 3627 animos
440 3554 597 3648 judicum
621 3577 641 3626 a
670 3546 722 3626 rei
750 3553 931 3626 atrocitate
956 3564 1112 3646 arceret,
1135 3554 1350 3627 hilaritatem

283 3670 459 3743 excitabat
472 3679 506 3742 et
518 3671 738 3766 digressione
752 3669 873 3765 aliqua
885 3672 1063 3743 utebatur.
1080 3671 1240 3743 Primum
1250 3670 1354 3744 Arini

284 3785 469 3871 irridebat,
490 3810 593 3881 quem
613 3787 678 3858 sibi
697 3789 734 3858 in
753 3784 840 3878 fuga
858 3786 1098 3858 consulentem
1118 3786 1247 3859 castori
1261 3785 1353 3880 lepi-

283 3899 427 3971 dissime
442 3901 676 3996 comparabat‚
698 3901 791 3988 dein,
808 3907 991 3994 postquam
1010 3923 1120 3994 pauca
1138 3902 1356 3994 degustave—
1429 3953 1435 3964 .

315 4122 323 4156 ¹
341 4119 407 4170 Vide
420 4121 576 4184 Fragmenta
590 4120 636 4170 sub
651 4119 700 4169 hoc
708 4118 802 4194 titulo:
819 4118 839 4179 I,
854 4120 877 4168 t.

314 4201 325 4237 ²
341 4201 396 4252 Lib.
412 4201 482 4262 Vlll,
497 4217 519 4252 c.
534 4215 552 4249 11
565 4205 590 4250 et
602 4201 646 4249 lib.
659 4201 691 4259 V,
704 4215 725 4250 c.
740 4215 800 4250 x111.

313 4281 325 4316 ³
341 4300 353 4328 u
369 4282 407 4340 si,
419 4280 696 4345 meherculeljudices,
711 4295 758 4344 pro
768 4279 796 4328 L.
815 4279 914 4330 Tubulo
925 4278 1044 4341 dicerem,
1061 4301 1074 4326 s
1084 4287 1132 4332 etet
