3024 4944
249 318 499 370 FRAGMENTA
520 321 1108 374 osnrrontunnnrnnnlrnuutl
1166 321 1212 370 155
1291 367 1296 372 .

145 439 181 496 C.
195 438 328 514 Corneli,
346 441 500 499 consulem
521 440 642 500 mittere
662 439 802 516 coegisti,
819 439 950 515 quirem
971 417 1125 516 publicam
1149 439 1213 498 sal·-

144 562 216 604 vam
237 563 305 606 esse
320 547 446 618 vellent,
467 553 501 608 ut
516 548 671 625 adlegom
690 546 897 624 accipiendam
920 546 1073 607 adessent.
1091 546 1152 626 (En
1175 545 1211 607 ed

144 649 217 730 ΟΡ.)

183 762 233 820 28.
256 755 490 840 Repugnare-
501 762 576 822 dicit
591 763 792 831 Cicero-ut
810 761 975 832 dlvisores‚
992 779 1067 838 quos
1083 762 1210 823 honoris

144 869 193 928 sni
221 869 379 930 ministros
407 889 476 934 esse
503 872 655 948 voluerat,
684 871 752 948 lege
773 869 905 930 ambitus
934 869 1029 928 vellet
1059 869 1210 946 affligere.

144 973 308 1054 (Marcian.
326 981 461 1057 Capella,
475 980 512 1039 de
521 979 699 1056 Rhetorica,
714 999 744 1056 p.
763 978 830 1038 421.
848 979 905 1037 Ed.
925 975 1111 1056 Capperon.)

182 1083 233 1146 29.
256 1086 338 1145 Num
355 1087 446 1145 alicui
460 1087 691 1164 gratificabatur
706 1092 759 1146 aut
773 1085 888 1145 homini
903 1091 955 1144 aut
969 1085 1091 1144 ordInit
1107 1083 1212 1165 (Pris-

144 1191 260 1268 cianus,
277 1193 331 1252 lib.
349 1193 436 1269 VIII,
449 1213 475 1253 e.
493 1190 565 1272 xv.)

183 1299 233 1360 30.
258 1301 339 1359 Ante
353 1305 474 1360 uestros
487 1299 505 1370 t
519 1319 613 1361 annos
631 1306 757 1378 propter
770 1300 857 1361 illins
872 1299 988 1359 tribuni
1002 1299 1100 1376 plebia
1115 1305 1211 1359 teme-

143 1405 267 1466 ritatem
281 1425 369 1484 posse
385 1407 504 1477 adduci,
526 1414 559 1467 ut
580 1407 739 1468 omnino...
761 1426 798 1466 ne
823 1407 908 1466 illins
931 1405 1082 1485 potestate
1095 1407 1211 1466 abalie-
1325 1477 1330 1486 ,

144 1530 262 1590 nemur,
284 1513 336 1590 qui
359 1514 562 1574 restituerunt
576 1533 643 1574 eam
656 1519 850 1591 potestatem,
872 1512 1002 1571 alterum
1024 1496 1103 1570 nihil
1117 1527 1209 1569 unum

143 1638 233 1696 posse
254 1628 360 1680 eontra
374 1621 498 1692 multos,
519 1599 651 1681 alterum
665 1622 756 1697 longe
771 1621 876 1679 abesse
889 1616 952 1697 (Ex
967 1617 1013 1678 ed.
1033 1613 1114 1696 Or).

182 1727 232 1787 31.
258 1729 356 1788 Tanta
368 1708 466 1806 Igitur
480 1729 511 1788 in
527 1729 591 1788 illis
600 1728 703 1788 virtus
713 1727 782 1797 fnit,
796 1732 841 1816 ut,
855 1745 934 1786 anno
946 1726 1031 1800 XVI,
1041 1732 1110 1804 post
1119 1742 1209 1802 reges

143 1842 278 1913 exactos,
294 1828 420 1915 propter
440 1837 563 1897 nimiam
578 1836 813 1897 dominationem
831 1834 998 1913 potentium
1020 1834 1207 1908 secederent,

25 1933 27 1938 ’
143 1944 228 2021 leges
245 1949 381 2004 sacratas
405 1944 464 2023 ipsi
483 1945 542 2004 sihi
566 1943 776 2020 restituerent,
797 1944 872 2002 duos
892 1942 1031 2001 tribunos
1057 1949 1208 2018 crearent,

143 2057 275 2112 montem
288 2053 376 2113 illum
385 2052 641 2123 trans‘Anienem,
654 2034 706 2128 qni
718 2051 806 2111 hodie
820 2067 907 2110 mons
918 2051 1012 2109 Sacer
1023 2050 1209 2126 nominatur,

143 2160 247 2236 inquo
269 2159 377 2220 armati
399 2160 611 2237 consederant,
628 2165 751 2218 aeternae
773 2147 927 2218 memoriae
941 2174 1032 2216 cansa
1048 2174 1210 2217 consecra-

143 2272 222 2327 rent.
239 2270 345 2344 Itaqne
359 2267 515 2344 auspicato
530 2273 652 2345 postero
667 2284 745 2326 anno
765 2263 823 2346 [X]
837 2265 955 2328 tribuni
975 2263 1058 2341 plebi
1076 2263 1209 2323 comitiis

143 2374 271 2434 curiatis
286 2373 381 2435 creati
397 2380 477 2435 sunt.
495 2375 557 2454 (Ex
570 2375 617 2436 ed.
635 2372 705 2453 Or.)
912 2357 914 2360 ⁵

181 2481 231 2541 32.
254 2483 332 2542 Tum
342 2483 523 2560 interposita
535 2483 596 2541 fido
606 2499 660 2560 per
674 2486 738 2540 tres
748 2479 878 2556 legatos,
891 2479 1098 2556 amplissimos
1110 2480 1211 2556 vlros,

143 2587 270 2648 Romam
288 2590 398 2649 armati
417 2593 635 2649 reverterunt:
660 2587 692 2645 in
715 2587 870 2647 Aventino
890 2587 1117 2647 consederunt:
1140 2587 1211 2645 iude

143 2695 253 2754 armati
279 2695 310 2754 in
331 2694 515 2770 Capitolium
539 2698 714 2752 venerunt:
742 2692 846 2751 decem
868 2694 1009 2754 tribunos
1032 2693 1131 2770 plebis
1155 2711 1210 2771 per

141 2801 325 2878 pontificem,
343 2801 421 2877 quod
440 2801 639 2879 magistratus
654 2800 759 2860 nullus
772 2806 850 2871 erat,
870 2807 1065 2861 creaverunt.
1082 2801 1144 2882 (Ex
1160 2802 1209 2864 ed.

143 2911 188 2968 Or
202 2908 225 2988 ).

181 3019 231 3078 33.
256 3017 357 3078 Etiam
372 3019 437 3078 haec
452 3020 623 3080 recentiora
634 3026 786 3098 praetereo
802 3038 810 3081 :
827 3037 936 3097 ponam
949 3017 1134 3095 principium
1141 3021 1211 3095 jus-

140 3126 269 3187 tissImae
290 3125 453 3196 libertatis,
473 3128 624 3206 Cassiam,
641 3145 700 3204 qua
722 3128 790 3205 lege
811 3125 1029 3202 suffragiorum
1044 3125 1093 3184 uls
1108 3131 1211 3201 potes-

140 3240 247 3309 tasque
256 3233 432 3293 convaluit:
449 3233 577 3294 alteram
588 3233 731 3306 Cassiam,
745 3251 812 3309 quae
822 3231 925 3312 populi
929 3230 1047 3308 judicia
1055 3231 1202 3291 firmavit.

140 3340 202 3419 (Ex
216 3341 265 3400 ed.
283 3337 354 3418 ΟΡ.)

526 3581 603 3634 Dicit
617 3585 649 3634 de
663 3584 818 3636 Nobilibus.

179 3761 229 3820 34.
253 3758 312 3831 Qui
331 3778 390 3820 non
413 3761 501 3820 modo
525 3780 595 3821 oum
614 3762 712 3836 Sulla,
734 3778 843 3819 verum
866 3759 970 3834 etIam,
996 3699 1203 3824 illomortuo,

139 3884 261 3944 semper
282 3868 340 3927 hoc
356 3886 411 3945 per
433 3887 466 3929 se
490 3869 617 3930 summis
638 3868 747 3944 opibus
777 3866 970 3926 retinendum
991 3870 1202 3942 putaverunt3

138 3974 344 4036 inimicissImi
358 3978 393 4038 C.
408 3978 505 4038 Cottae
522 3977 658 4064 fuerunt,
675 3976 755 4052 qnod
769 3975 796 4035 is
811 3973 918 4034 consul
933 3973 1056 4050 paulum
1070 3971 1203 4031 tribunis

138 4081 220 4158 plebi
235 4101 294 4142 non
308 4085 480 4161 potestatis,
492 4084 545 4144 sed
557 4083 716 4160 dIgnitatis
731 4081 857 4142 addidit.
880 4080 942 4158 (ΕΡ
957 4080 1004 4138 ed.
1021 4076 1091 4155 ΟΡ.)
1131 4111 1136 4120 η

125 4199 128 4204 “
178 4189 228 4249 35.
254 4191 404 4262 Quamdiu
418 4191 537 4268 quidem
549 4194 605 4250 hoo
619 4192 719 4252 animo
734 4209 805 4266 crga
824 4207 877 4249 vos
888 4189 942 4248 illa
956 4189 1042 4264 plebs
1058 4185 1127 4258 orit,
1145 4203 1203 4259 qno

1081 4311 1105 4357 tl
