3024 4944
212 379 465 432 FRAGMENTA
486 379 730 432 ORATIONUM
752 381 1078 434 DEPERDITARUM
1133 383 1178 434 137
1255 415 1258 422 ι

64 553 65 558 ,
111 501 268 570 derentur,
287 499 373 571 Quod
387 516 461 574 ergo
478 516 513 556 eo
536 498 636 558 animo
651 497 765 558 fectum
779 505 827 558 est
841 504 874 557 ut
888 500 1026 560 homines
1038 519 1131 561 unum
1146 501 1178 559 iu

110 612 211 670 locum
224 609 435 681 convenirent,
452 613 485 667 ut
500 589 587 667 arma'
600 613 754 685 caperent,
771 614 805 667 ut
816 609 1045 669 certo'consilio
1060 615 1178 668 certum

109 716 257 775 inlocum
280 715 559 792 proficiscerentur,
591 720 625 772 ut
649 714 932 791 idoneum'tempus
956 715 1118 791 eligerent,
1145 721 1180 773 ut

110 826 223 884 crudem
237 824 384 893 facerent,
405 824 437 882 id
461 824 487 882 si
502 825 667 882 voluerunt
690 829 721 882 et
739 823 913 898 cogitarunt
928 829 958 882 et
972 822 1177 899 perfecerunt,

109 931 237 1008 potestis
260 949 326 990 eam
347 931 549 999 voluntatem,
566 930 597 988 id
612 930 785 998 consilium,
802 930 834 988 id
848 929 962 988 factum
976 948 993 988 a
1008 929 1077 988 dolo
1098 931 1179 988 mulo

110 1041 295 1116 sejungere?
917 1037 918 1044 ’

148 1147 199 1208 26.
225 1150 265 1208 At
278 1147 358 1207 istuc
381 1153 479 1206 totum
500 1163 579 1206 nono
605 1163 693 1206 nunno
716 1143 839 1204 additur
857 1145 889 1204 in
911 1145 968 1204 hoc
983 1145 1101 1223 judicio
1113 1150 1180 1224 ejus

110 1273 202 1314 causa
212 1255 263 1330 qui
278 1254 353 1331 agit,
371 1273 430 1314 nou
446 1254 531 1313 illius
546 1253 668 1329 quicum
684 1252 797 1329 agitur.
821 1253 856 1311 ld
871 1258 905 1311 ut
919 1252 1112 1330 intelligatis,
1130 1272 1181 1314 re-

111 1361 312 1439 ciperatores,
331 1379 433 1438 queeso
457 1367 490 1420 ut
514 1360 680 1438 diligenter
694 1359 878 1420 attendetis:
894 1360 1032 1437 profecto
1047 1360 1120 1437 quin
1135 1360 1178 1420 ita

111 1467 225 1526 sitnon
240 1467 431 1526 dubitabitis.
968 1526 970 1532 .

150 1573 201 1632 27.
226 1570 315 1632 Silta
318 1571 605 1651 judiciumdaretur
621 1577 654 1632 ut
668 1571 699 1630 id
713 1571 947 1631 concluderetur
962 1571 1040 1648 quod
1056 1571 1179 1640 aiami-

110 1680 154 1739 lia
167 1680 283 1740 factum
294 1687 388 1756 esset,
400 1679 427 1738 si
438 1699 505 1756 quae
516 1679 633 1739 familia
647 1680 715 1756 ipse
729 1679 761 1737 in
773 1679 855 1738 ccede
868 1679 1020 1738 interesse
1030 1680 1180 1740 noluisset

110 1793 141 1846 et
164 1786 302 1862 homines
328 1793 380 1846 aut
399 1803 506 1846 servos
531 1793 583 1845 aut
603 1786 717 1845 liberos
737 1785 890 1861 coegisset
904 1791 957 1844 aut
971 1785 1178 1859 conduxisset,
1232 1773 1236 1776 ’

110 1901 209 1955 totum
226 1897 284 1956 hoc
291 1895 443 1973 judicium
457 1901 488 1955 ct
502 1897 644 1973 praetoris
663 1895 814 1954 severitas
829 1893 1070 1956 dissolveretur..
1081 1895 1179 1955 Nemo

110 2001 191 2059 enim
210 2005 311 2077 potest
331 2002 397 2059 hoec
416 2000 568 2079 judicare,
593 2001 701 2076 quain
722 2018 757 2059 re
770 1999 887 2058 familia
905 2018 963 2059 non
974 1999 1176 2071 interfuisset,

110 2107 142 2165 in
161 2125 198 2166 ea
218 2124 253 2165 re
271 2107 369 2184 ipsam
387 2081 535 2167 familiam
556 2107 600 2176 vi,
626 2105 752 2165 armetis
767 2105 940 2166 hominibus
960 2106 1103 2164 damnum
1124 2094 1180 2164 de-

111 2213 206 2274 disse.
221 2215 316 2290 Ergo‚
332 2215 363 2273 id
378 2214 449 2290 quia
465 2219 584 2290 poteret
606 2213 675 2273 fieri
695 2219 726 2272 et
740 2213 829 2272 facile
843 2218 973 2289 poterat,
991 2213 1105 2272 idcirco
1118 2232 1178 2272 non

111 2322 189 2382 satis
212 2321 349 2380 habitum
372 2327 419 2402 est
448 2321 544 2396 quaeri
573 2321 645 2396 quid
669 2320 785 2380 familia
812 2319 880 2396 ipsa
904 2319 1044 2396 lecisset,
1070 2338 1179 2381 verum

111 2430 204 2488 etiam
218 2429 296 2490 illud
308 2429 380 2504 quid
394 2428 520 2490 familiae
535 2428 604 2488 dolo
618 2429 699 2488 malo
712 2428 827 2488 lactum
837 2434 927 2488 esset.

150 2539 202 2597 28.
225 2539 316 2613 Nam,
347 2556 439 2614 quum
462 2537 535 2597 fecit
561 2537 628 2613 ipsa
651 2537 768 2596 familia
787 2539 849 2596 vim
873 2537 1000 2598 armatis
1025 2537 1180 2597 coactisve
1267 2561 1271 2568 ¹

112 2644 286 2704 homiuibus
305 2650 336 2702 et
355 2644 496 2702 damnum
514 2643 646 2720 cuipiam
667 2643 729 2716 dat,
746 2642 778 2702 id
794 2644 863 2702 dolo
878 2645 959 2704 malo
973 2644 1042 2704 fieri
1057 2625 1180 2702 necesse

111 2759 170 2811 est.
184 2753 285 2822 Quum
298 2757 398 2811 autem
412 2751 629 2810 rationeminit
639 2757 673 2810 ut
686 2751 717 2809 id
732 2751 795 2824 fiat,
809 2751 925 2810 familia
941 2752 1008 2828 ipsa
1023 2771 1081 2810 non
1093 2751 1178 2817 facit,

111 2860 146 2919 fit
160 2865 263 2918 autem
286 2860 353 2918 dolo
373 2859 453 2918 malo
476 2862 554 2936 ejus.
577 2860 672 2936 Ergo,
698 2859 803 2918 addito
825 2859 899 2918 dolo
914 2860 1006 2932 malo,
1023 2859 1135 2919 actoris
1149 2864 1180 2916 et

112 2970 254 3048 petitoris
281 2970 318 3030 fit
339 2987 430 3030 causa
455 2969 617 3046 copiosior.
648 2971 761 3029 Utrum
783 2971 864 3039 enim
886 2969 1047 3028 ostendere
1066 2975 1178 3046 potest,

113 3077 180 3136 sive
192 3094 260 3136 eam
271 3076 369 3153 ipsam
383 3076 531 3136 familiam
546 3076 604 3135 sibi
618 3077 762 3136 damnum
776 3077 907 3152 dedisse,
925 3076 992 3136 sive
1008 3077 1136 3137 consilio
1151 3085 1181 3136 et

111 3201 205 3259 opera
219 3183 286 3258 ejus
296 3182 421 3243 familiae
434 3183 548 3242 factum
564 3201 643 3253 esse,
660 3183 762 3242 vincat
778 3201 902 3243 necesse
916 3190 974 3243 est.
1182 3256 1184 3260 Ι

151 3290 202 3348 29.
226 3290 346 3348 Videtis
363 3296 511 3367 praetores
536 3307 590 3366 per
603 3292 658 3350 hos
679 3309 773 3350 annos
791 3292 983 3351 intercedere
1004 3293 1060 3351 hoc
1074 3293 1179 3351 turer:

114 3397 199 3456 dicto
214 3396 222 3430 ¹
239 3397 329 3456 velut
342 3399 491 3456 interme
506 3403 537 3456 et
552 3399 594 3458 M.
613 3397 775 3458 Claudium
793 3419 799 3457 :
817 3415 903 3458 uunn
918 3416 997 3457 nono
1012 3415 1178 3468 utrorum

113 3501 157 3560 M.
170 3501 281 3574 Tucci,
297 3503 341 3561 M.
355 3504 512 3563 (insumus
522 3519 583 3564 nur
604 3519 737 3564 suumn
749 3521 812 3562 nur
834 3493 1037 3563 rnocunnrou
1052 3522 1124 3564 nius
1148 3521 1182 3562 v1
1287 3499 1290 3504 ’

112 3625 271 3669 onrnusus
285 3625 350 3682 usr,
372 3615 475 3668 cetera
498 3627 535 3668 ex
556 3609 708 3670 formula„
723 3609 768 3683 Si,
786 3627 878 3684 quum
891 3607 903 3644 ²
917 3609 960 3668 ita
982 3610 1180 3669 interdictum

52 3729 55 3734 ’
114 3713 154 3772 sit
176 3720 207 3773 et
227 3713 351 3789 sponsio
374 3713 464 3782 facta,
483 3731 538 3790 ego
562 3733 610 3773 me
633 3715 670 3772 ad
688 3713 826 3790 judicem
851 3714 877 3773 si
898 3714 1069 3798 defendam,
1086 3716 1118 3774 vi
1133 3733 1181 3774 me

113 3815 264 3890 deJecissc
274 3815 429 3885 confitear,
446 3818 515 3876 dolo
530 3819 610 3877 malo
624 3837 744 3896 negem,
761 3820 865 3895 ecquis
877 3797 925 3878 ine
940 3820 1065 3880 audiat?

152 3921 203 3980 30.
226 3921 297 3982 Non
311 3922 418 3998 opinor
438 3923 583 3998 quidem:
608 3926 690 4000 quia,
716 3926 743 3986 si
766 3927 799 3984 vi
823 3927 919 4004 dejeci
939 3929 983 3986 M.
1007 3926 1182 4000 Claudium,

113 4027 183 4086 dolo
209 4028 289 4088 malo
309 4029 416 4107 dejeci,
437 4030 469 4088 in
493 4032 525 4090 vi
551 4032 631 4090 enirn
654 4034 743 4093 dolus
764 4034 864 4092 malus
882 4033 985 4109 inest3
1009 4039 1039 4093 et
1055 4032 1183 4094 Claudio
1201 4095 1204 4100 ,

141 4180 150 4214 ¹
168 4181 204 4222 lte
213 4177 312 4222 feliciter
323 4181 442 4236 supplevit
451 4181 595 4224 Huschkius.

143 4249 153 4284 ²
167 4250 297 4294 ltu.melius
311 4250 427 4295 Kellerue.
480 4269 484 4274 ·
