3070 4950
429 336 581 390 ORATIO
602 339 680 389 PRO
697 335 729 389 C.
748 335 963 390 CORNELIO.
983 335 994 388 I
1115 369 1117 374 ·
1224 343 1258 393 39

181 457 380 547 deerrasse,
398 457 459 529 sed
478 459 581 530 etiam
595 481 616 530 a
634 461 820 555 semetipso
836 484 931 554 saepe
946 469 1111 532 accusatu
1128 484 1254 550 messe,

180 575 274 669 quod
287 597 412 668 passus
432 583 522 646 esset
547 598 566 646 a
587 576 746 670 populari
777 601 942 648 consessu
969 576 1256 672 senatoriasub-

180 690 283 762 sellia
311 691 481 784 separari.
502 690 593 790 Quae
621 692 760 786 quidem
785 692 916 780 verba,
950 716 1147 787 quanquam
1179 717 1256 762 curn

180 808 331 902 quodam
350 807 426 878 loco
450 807 617 880 orationis
633 808 727 879 illius
753 809 798 880 de
832 809 1041 902 Aruspicum
1060 808 1274 910 11111111111Ι

178 922 410 995 adversantur
433 946 475 995 ac
493 933 705 1018 repugnant,
736 949 805 996 non
829 925 1077 1019 obstupescere
1102 924 1256 1019 legendo

181 1038 362 1124 debemus
391 1050 577 1134 propterea
593 1043 685 1135 quod
703 1042 797 1136 apud
815 1041 982 1135 populum
1002 1041 1095 1113 hanc
1121 1041 1256 1114 (lorne-

181 1155 312 1227 lianam
326 1157 526 1228 concionem
546 1156 686 1228 Tullius
700 1158 858 1247 haberet,
882 1167 987 1252 atque
1005 1158 1097 1229 idem
1116 1183 1180 1231 nos
1195 1183 1256 1232 se-

181 1272 250 1344 mel
260 1296 300 1344 ac
315 1272 443 1365 saepius
456 1272 613 1345 docuerit
632 1275 833 1345 auditorum
851 1271 1104 1368 111111111111111112
1119 1299 1256 1370 semper

179 1386 290 1460 fuisse
308 1388 518 1482 eloqu-entiae
533 1399 712 1462 oratorum
732 1390 1012 1461 moderatricem.

232 1503 403 1578 Restabat
431 1528 488 1576 res
521 1505 615 1578 dictu
642 1519 676 1578 et
711 1507 851 1600 prolatu
879 1504 1101 1594 difficillima,
1129 1506 1256 1579 scilicet

183 1621 265 1693 lecti
290 1619 417 1692 codicis
449 1623 626 1694 excusatio
654 1632 759 1718 atque
786 1624 996 1694 imminutio,
1027 1623 1101 1706 Qua
1122 1631 1198 1692 arte
1222 1634 1257 1694 et

183 1737 329 1809 scientia
348 1737 515 1808 orationis
533 1737 789 1810 demonstraret
808 1738 929 1811 Cicero
950 1763 1020 1810 non
1035 1739 1083 1810 ita
1103 1762 1256 1810 enerva-

182 1865 256 1926 tam
275 1875 353 1934 esse
372 1851 598 1924 tribuniciam
612 1863 818 1956 potestatem
843 1853 1040 1925 mirabatur
1060 1853 1252 1944 Asconius3

189 1976 294 2064 atque
317 1994 335 2041 e
358 1968 566 2062 quibusdam
598 1967 808 2062 fragmentis
839 1971 1014 2064 conjicere
1039 1970 1151 2042 adhuc
1173 1969 1256 2041 licet

185 2086 355 2179 quornodo
373 2083 541 2178 paulatim
565 2095 682 2180 atque,
704 2096 742 2157 ut
761 2089 810 2158 ita
835 2087 962 2173 dicam,
984 2087 1196 2179 pedetentim
1212 2085 1255 2158 ad

182 2205 363 2273 enormem
375 2201 477 2271 istam
493 2202 703 2273 sententiam
714 2203 850 2295 judices
861 2202 1044 2273 adduxerit
1059 2225 1100 2273 ac
1111 2225 1255 2295 praepa-

183 2317 328 2388 raverit.
342 2317 422 2388 Non
438 2316 674 2388 committebat
690 2328 727 2388 ut
745 2341 799 2406 ea,
817 2341 895 2413 qnae
911 2318 1093 2390 Cornelius
1106 2315 1251 2406 fecerat,

182 2431 288 2505 fateri
310 2441 508 2517 recusarct;
540 2455 634 2520 nam,
657 2431 718 2503 ubi
736 2433 830 2503 vinci
857 2457 998 2505 necesse
1025 2441 1091 2520 est,
1114 2433 1254 2527 expedit

183 2548 326 2640 cedere3
340 2549 402 2620 sed
416 2549 534 2619 omnia
550 2547 744 2643 explicabat
756 2547 1006 2644 dilatabatque,
1023 2560 1164 2645 propter
1176 2574 1254 2644 quae

179 2662 363 2734 Cornelius
379 2687 492 2758 neque
506 2663 648 2735 Globuli
658 2664 1126 2758 intercessionemsuspicari
1142 2688 1254 2759 neque

179 2780 398 2851 iracundiam
417 2775 567 2875 duadam
591 2779 698 2850 animi
722 2777 981 2874 perturbatione
1010 2777 1170 2848 cohibere
1188 2803 1254 2872 po-

181 2904 310 2966 tuerat.
338 2896 491 2984 Etenim,
514 2896 597 2966 dum
611 2895 728 2988 legent
747 2894 989 2965 trinundinum
1010 2893 1255 2987 promulgabat

181 3033 261 3081 reus
275 3008 301 3099 ³,
324 3011 461 3103 collega
476 3012 554 3104 ejus
572 3020 662 3084 totos
681 3011 755 3084 dies
768 3011 851 3081 huic
866 3009 1027 3082 assentiri
1042 3009 1140 3080 visus
1155 3018 1251 3098 erat3

180 3135 370 3218 praetcrea,
392 3127 447 3222 die
468 3127 562 3199 dicta
581 3128 773 3216 concionis
792 3150 897 3221 quum
917 3125 974 3196 lex
990 3123 1156 3211 ferretur,
1175 3120 1254 3195 om-

180 3242 240 3312 nia
273 3242 350 3314 loca
375 3243 636 3314 intercessionis
667 3229 759 3312 idem
790 3238 1070 3335 praeterierat43
1105 3239 1254 3334 denique

181 3356 419 3427 tantummodo
458 3357 730 3445 intercesserat,
773 3358 832 3428 ubi
869 3356 986 3449 legern
1020 3356 1252 3450 pronuntiare

177 3494 294 3566 praeco
309 3473 506 3567 inceperat:
531 3475 614 3546 inde
634 3474 818 3546 Cornelius
832 3473 898 3543 sibi
918 3495 1061 3543 neccsse
1077 3494 1155 3543 esse
1177 3494 1254 3540 cre-

179 3587 318 3661 diderat
341 3598 380 3660 ut
402 3590 552 3662 codicem
580 3591 773 3683 attingeret
793 3587 817 3660 5.
850 3588 908 3676 Α1,
938 3597 974 3658 ut
996 3587 1091 3658 istud
1119 3586 1253 3660 crimen

213 3860 221 3896 ¹
241 3861 277 3910 De
293 3859 447 3926 Aruspicnm
460 3873 592 3925 responso,
608 3878 630 3910 c.
647 3874 695 3910 1111.

210 3940 222 3974 ²
239 3940 337 3998 Cicero,
353 3945 453 4000 Orator,
468 3955 489 3991 c.
506 3953 564 3989 vni.

210 4023 251 4078 3-1
267 4022 304 4070 lix
321 4020 535 4085 promulgatione,
551 4038 563 4067 o
578 4026 625 4070 etc.

208 4104 219 4138 ⁴¹
237 4108 263 4152 et
277 4102 356 4152 ⁵Vide
371 4101 565 4161 Quintilianum,
578 4101 624 4150 lib.
640 4100 670 4159 V,
685 4117 707 4150 c.
724 4117 782 4158 xur,
795 4104 820 4150 et
832 4098 984 4150 Ciceronem
994 4101 1019 4150 in
1032 4098 1175 4158 Vatinium,
1189 4111 1250 4146 1.]1.

177 4211 205 4221 -
227 4201 239 4228 «
259 4188 304 4234 Est
317 4186 404 4248 utique
415 4183 457 4246 jus
472 4182 582 4240 vetandi,
599 4200 611 4228 >r
627 4187 694 4242 etr,¹
1152 4177 1156 4186 '
