3024 4944
244 419 495 473 FRAGMENTA
518 419 758 472 ORATIONUM
780 421 1107 480 DEPERDITARUM
1164 385 1219 486 163Ι

315 933 317 941 ·
364 935 401 991 x.
423 968 456 978 -
476 929 634 994 o'aa'rro
660 933 740 990 rao
764 937 796 1000 Q.
825 931 1005 1004 ‹mrtnto‘

384 1187 387 1196 r
474 1170 671 1203 ARGUMENTUM
686 1171 865 1202 nts'roltlcum

176 1311 210 1370 Si
221 1309 369 1370 orationis
379 1327 434 1388 pro
450 1313 486 1382 Q:
505 1309 607 1373 Gallio
621 1310 794 1388 fragmenta
802 1315 923 1372 tantum
936 1313 1103 1388 probarent
1116 1328 1205 1370 num-

133 1437 225 1496 quam
243 1420 410 1495 postulanti
425 1437 549 1497 operam
568 1439 653 1480 suam
676 1437 837 1480 recusasse
852 1421 1041 1496 Ciceronem,
1060 1421 1201 1496 quamvis

134 1544 206 1586 reus
221 1525 469 1586 adversariorum
485 1532 588 1604 partes
603 1546 684 1605 saepe
698 1532 780 1587 esset
793 1528 964 1604 amplexus,
981 1528 1012 1585 in
1027 1528 1066 1586 iis
1081 1529 1201 1587 haerere

134 1651 395 1710 supervacaneum
410 1640 508 1711 'esset3
526 1635 579 1694 sed
596 1636 662 1694 haec
680 1653 838 1696 romanam
859 1634 1019 1712 quamdam
1038 1641 1204 1695 consuetu-

131 1743 234 1802 dinem
254 1744 411 1822 detegunt,
432 1762 522 1820 quam
545 1743 666 1820 quidem
691 1744 844 1821 sagaciter
866 1750 973 1803 nostra
988 1749 1078 1804 aetate
1097 1761 1202 1805 roma—

131 1867 241 1908 narum
254 1868 359 1910 rerum
374 1850 541 1926 scriptores
554 1849 563 1885 ¹
576 1851 872 1920 animadverterunt,
889 1869 1039 1928 quamque
1053 1857 1154 1910 tamen
1169 1852 1201 1910 in

131 1955 231 2014 lucem
246 1957 402 2032 proferam
417 1973 540 2016 necesse
555 1961 612 2016 est.
625 1958 730 2016 Romae
746 1949 784 2016 ad
794 1957 876 2018 tilios
890 1941 1087 2034 paternarum
1098 1956 1202 2019 inimi-

130 2060 274 2119 citiarum
289 2061 443 2121 hereditas
458 2061 611 2136 venlebat‚
630 2068 720 2138 atquc
734 2064 827 2141 hujus
842 2063 1020 2139 patrimonii
1040 2081 1110 2122 sese
1126 2081 1199 2139 pro-

129 2173 331 2243 pugnatorem
342 2172 488 2244 praestare
499 2169 627 2228 debebat
641 2169 743 2244 heres,
756 2171 848 2246 quum
862 2170 966 2230 nullus
977 2174 1059 2230 esset
1072 2171 1104 2229 in
1119 2171 1201 2260 civi-

128 2279 192 2333 tate
211 2275 263 2350 qui
279 2275 344 2334 sine
354 2275 469 2352 pudore
483 2294 518 2334 ac
532 2277 644 2334 rubore
663 2275 845 2336 domesticas
861 2277 1032 2337 simultates
1047 2279 1200 2354 deponere

129 2387 243 2457 posset.
260 2381 295 2441 ln
310 2383 367 2442 hac
386 2399 478 2442 causa
498 2383 535 2441 de
554 2381 670 2440 ambitu
685 2387 716 2441 et
729 2382 876 2442 veneficio
896 2401 914 2442 a
936 2383 1054 2454 Calidio
1078 2384 1199 2446 Gallius

129 2491 301 2561 accusatur,
312 2489 382 2564 quia
394 2489 544 2565 quondam
555 2489 591 2548 de
601 2489 777 2564 repetundis
785 2488 896 2550 Calidii
905 2494 1024 2566 patrem
1033 2490 1099 2568 ipse
1109 2510 1199 2551 accu-

129 2585 231 2672 sarat;
248 2613 283 2655 ac
297 2596 388 2672 paulo
402 2602 482 2672 post,
495 2613 599 2672 quum,
612 2575 792 2658 defendente
803 2597 962 2668 Cicerone,
974 2598 1222 2686 damnationem„

127 2701 286 2776 vitaverit,
302 2702 400 2760 filium
427 2709 649 2778 accusatorem,
665 2704 746 2763 haud
762 2704 854 2763 aliter
868 2723 958 2780 quarn
972 2711 1102 2781 patrem,
1115 2706 1197 2766 idem

126 2807 352 2867 insectabitur:
370 2809 446 2868 ultio
461 2808 532 2885 ista,
554 2827 622 2885 quae
644 2809 735 2869 hodie
751 2811 904 2870 ceedetta
919 2811 1104 2889 nominatur,
1123 2818 1197 2872 tunc

127 2916 274 2993 temporis
288 2918 374 2978 nulla
388 2916 448 2976 alia
456 2936 491 2976 re
507 2918 567 2976 nisi
578 2918 823 2978 accusationibus
834 2925 864 2980 et
874 2920 1001 2995 judiciis
1014 2923 1196 2998 explebatur

126 3023 376 3100 placabaturque.
404 3025 511 3085 Cicero
531 3045 628 3102 neque
653 3031 716 3086 tam
740 3027 820 3086 acris
842 3046 940 3104 neque
962 3034 1024 3087 tam
1048 3029 1195 3105 pervicax

125 3127 269 3188 inimicus
283 3127 424 3205 'unquam
441 3130 526 3190 fuit:
553 3136 656 3190 utrum
678 3131 710 3190 id
728 3131 879 3209 profuerit
902 3133 987 3194 illius
1010 3134 1133 3212 ingenio
1157 3153 1194 3195 an

125 3233 259 3293 obfuerit
274 3235 427 3295 disserere
441 3255 499 3295 non
515 3236 590 3296 mihi
605 3237 636 3296 in
655 3237 755 3320 animo
771 3243 834 3314 est3
851 3239 916 3309 sed,
933 3239 960 3299 si
974 3241 1120 3300 mortales
1132 3241 1195 3300 ini-

125 3340 257 3402 micitias
272 3360 331 3402 non
352 3343 554 3414 exercuisset,
571 3362 644 3403 num
658 3343 840 3404 haberemus
860 3337 939 3404 unde
962 3346 1041 3420 tanti
1063 3347 1196 3423 ingenii,¹

29 3481 34 3497 x
124 3453 188 3508 tam
197 3448 289 3518 varii,
305 3454 368 3509 tam
381 3450 539 3524 flexibilia,
553 3455 676 3526 tamque
690 3451 804 3527 copiosi
819 3451 1009 3511 celeritatem
1022 3453 1193 3514 miremur?

164 3555 277 3616 Habita
290 3562 336 3616 cst
354 3557 453 3618 oratio
467 3559 554 3618 Coss.
571 3558 607 3617 L.
624 3559 643 3618 J
646 3558 709 3618 ulio
724 3561 858 3633 Caesare,
874 3560 906 3619 G.
920 3560 1048 3636 Marcio,
1065 3560 1189 3638 Figulo,

124 3681 203 3724 anno
215 3662 254 3722 64
269 3668 338 3722 ante
352 3665 439 3724 J.·(l.
451 3698 490 3708 -
505 3667 595 3725 Anno
610 3665 768 3726 Ciceronis
782 3667 831 3726 43.

70 3913 75 3926 ,
138 3847 141 3854 ’
164 3840 193 3898 1.
209 3841 251 3898 Ut
263 3837 391 3913 clamor,
406 3840 619 3901 utconvicium
629 3843 803 3912 mulierum,
819 3850 853 3902 ut
864 3843 1054 3920 symphoniae
1069 3851 1187 3909 cantus.

124 3944 260 4004 Videbar
286 3946 361 4005 mihi
390 3947 504 4005 videre
522 3946 598 4006 alios
623 3946 786 4024 intrantes,
815 3948 892 4008 alios
919 3955 1021 4009 autem
1044 3959 1190 4015 exeuntes

122 4049 235 4128 partim
259 4067 297 4110 ex
316 4050 388 4110 vino
408 4051 599 4122 vacillantes,
626 4035 736 4131 partim
761 4054 906 4116 hesterna
929 4057 1083 4132 potatione
1110 4060 1191 4119 osci-

151 4290 159 4326 ¹
175 4289 232 4334 Vide
241 4289 361 4336 historiam
370 4293 473 4349 equitum
485 4295 648 4347 Romanorum,
662 4281 756 4342 auctore
765 4299 791 4342 E.
805 4297 878 4349 Bclot,
889 4301 905 4340 t.
917 4297 944 4338 11.
956 4309 978 4354 p.
994 4298 1039 4342 199.
1052 4309 1071 4339 s.
1083 4308 1105 4351 q.
