3044 4938
274 331 423 382 ORATIO
445 331 606 384 CONTRA
627 331 859 382 CONCIONEM
879 331 909 390 Q.
933 329 1108 382 METELLI
1192 333 1221 381 71

160 454 255 523 riora
269 451 491 523 abundanter
509 472 549 522 ac
569 449 719 524 dilucide
737 449 976 543 explicaverit,
1000 447 1226 522 manifestum
1322 454 1328 466 '

159 576 213 637 est
241 590 260 638 e
292 563 502 658 fragmentis
530 563 753 658 sequentibus
778 564 816 634 in
840 572 1034 636 extremam
1058 565 1226 638 orationis

160 703 236 751 suae
253 689 390 774 partem
405 679 607 752 Ciceronem
625 678 908 751 molestissimum
921 680 1054 752 crimen
1068 703 1230 774 purgan-

160 794 244 865 dum
261 815 471 866 reservasse.
496 796 598 866 Patet
612 794 722 881 enim,
743 801 781 864 ut
799 793 966 881 arbitror,
984 795 1028 878 Q:
1045 794 1230 865 Metellum

160 931 231 978 non
248 906 361 978 solum
381 905 583 980 affirmasse.
599 917 633 980 et
651 907 767 980 forum
785 907 796 946 ¹
816 918 851 980 et
868 929 1024 1002 campum
1044 918 1078 981 et
1097 909 1229 982 curiam
1267 897 1270 904 ’

160 1031 195 1092 et
210 1022 351 1094 domum
367 1021 526 1094 Ciceroni
539 1023 682 1118 'semper
701 1045 846 1095 vacuam
863 1024 986 1094 mortis
1003 1023 1159 1117 periculo
1175 1033 1233 1095 at·
1303 1061 1306 1070 ’

165 1161 234 1232 que
259 1137 395 1208 insidiis
412 1135 543 1222 fuisse;
565 1137 627 1210 sed
647 1137 751 1208 etiam
771 1161 840 1208 non
861 1161 903 1208 ex
919 1138 1057 1208 indiciis
1075 1138 1229 1210 testimo-

169 1252 308 1348 niisque
341 1278 462 1327 verum
495 1278 514 1326 e
547 1255 742 1346 suspicione
772 1277 813 1324 ac
840 1262 934 1324 metu
966 1255 1002 1324 in
1034 1253 1235 1346 conjuratos

164 1368 343 1440 consulem
369 1369 672 1443 animadvertisse.
703 1370 843 1465 Itaque,
876 1393 939 1463 pro
965 1371 1156 1466 semetipso
1174 1368 1233 1439 di-

161 1482 284 1573 cendo,
303 1483 508 1556 suavissime
523 1485 818 1578 seseeffundebat,
835 1493 870 1557 et
885 1507 988 1580 quam
1005 1486 1114 1573 varie,
1130 1507 1232 1586 quam

161 1609 256 1692 apte,
277 1622 381 1694 quam
406 1599 633 1674 artificialiter
654 1584 857 1672 relationem
880 1598 976 1671 illam
995 1599 1039 1670 de
1063 1597 1233 1691 conjura·

161 1714 266 1787 tionis
286 1715 513 1808 popularibus
525 1717 714 1788 salutarem
731 1728 765 1788 et
778 1713 984 1809 diligentem
1000 1709 1227 1814 defenderit²,

161 1851 206 1900 ex
226 1830 278 1900 his
303 1831 586 1903 numerosissime
605 1832 801 1926 compositis
823 1831 992 1925 suspicari
1013 1852 1054 1900 ac
1065 1829 1228 1922 judicare

161 1943 272 2016 licet:
298 1970 315 2014 u
336 1946 538 2017 Dediderim
559 1945 726 2041 periculis
743 1947 915 2032 omnibus,
937 1943 1121 2015 obtulerim
1139 1943 1229 2013 insi-

162 2059 243 2148 diis,
270 2059 456 2153 objecerim
475 2061 632 2132 invidiae.
659 2102 708 2116 —
733 2063 861 2146 Quaero
879 2061 923 2133 ab
942 2060 1092 2133 inimicis
1117 2058 1231 2130 sintne

160 2175 237 2246 haec
267 2176 478 2268 investigata
504 2186 701 2270 comperta,
731 2176 904 2271 patefacta
929 2177 1090 2265 sublata,
1116 2176 1232 2248 deleta

162 2291 337 2364 exstincta
361 2314 423 2385 per
448 2295 530 2361 mel
555 2332 602 2344 -
626 2291 693 2373 Qui
713 2290 979 2381 indicabantur,
1007 2313 1066 2362 eos
1085 2289 1228 2378 vocari,

162 2406 345 2495 custodiri,
363 2407 407 2478 ad
428 2416 587 2496 senatum
608 2405 733 2478 adduci
749 2407 861 2500 jussi3
881 2408 919 2477 in
933 2414 1058 2478 senatu
1072 2415 1152 2478 sunt
1166 2429 1233 2500 po-

163 2522 233 2594 siti.
257 2547 275 2592 »
296 2524 461 2594 Fortasse
476 2521 680 2610 credideris,
703 2521 888 2614 magnifice
908 2520 1231 2615 dicendoquomodo

164 2637 387 2712 consulatum
400 2635 563 2730 gesserit,
581 2634 785 2707 Ciceronem
799 2636 886 2706 satis
901 2659 1073 2732 superque
1083 2635 1231 2706 crimina

163 2750 331 2840 diluisse;
362 2774 485 2822 verum
513 2773 576 2821 sua
605 2751 722 2822 omnia
741 2751 879 2822 valdius
903 2752 1040 2823 amabat
1069 2772 1173 2844 quam
1195 2758 1233 2821 ut
1287 2781 1290 2795 v

164 2867 343 2940 dubitaret
358 2867 599 2938 adversarium
620 2867 789 2940 elevando
809 2869 1032 2960 semetipsum
1047 2865 1228 2936 extollere.

164 2983 276 3075 Ergo,
300 2990 338 3052 ut
357 3006 400 3054 ex
421 2981 485 3052 hoo
503 2978 702 3073 fragmento
723 2981 939 3076 conjicimus
962 3005 980 3052 <r
999 2980 1058 3076 qui
1075 2980 1231 3068 animum

164 3097 326 3168 hostilem
344 3097 449 3168 habet
467 3105 502 3168 et
519 3095 641 3190 cujus3
664 3094 759 3169 lacta
776 3097 911 3168 hostilia
927 3104 1021 3184 sunt,
1043 3121 1061 3165 u
1079 3120 1179 3167 suam
1195 3098 1231 3166 in

164 3211 328 3284 Metellos
353 3210 637 3284 benevolentiam
661 3236 740 3284 cum
764 3213 804 3295 Q.
836 3212 967 3284 Metelli
985 3209 1230 3284 malevolentia

165 3336 200 3398 et
219 3327 470 3399 obtrectatione
490 3324 716 3414 conferebat,
743 3337 783 3399 ut
803 3328 885 3400 inde
907 3337 1092 3423 appareret
1116 3328 1230 3420 ipsum

165 3450 284 3533 partes
304 3440 480 3513 lenitatis*
498 3454 534 3516 et
550 3441 798 3512 misericordiae
825 3466 962 3536 semper
979 3442 1094 3534 egisse
1113 3439 1229 3512 liben—

197 3687 204 3723 t
224 3689 287 3737 vnce
302 3687 328 3736 n
344 3671 486 3746 ottonem,
503 3686 549 3747 lv,
565 3705 586 3736 ο.
602 3703 619 3737 1.

195 3770 250 3818 ²In
264 3770 294 3818 L.
310 3770 338 3820 C.
353 3769 480 3818 Pisonem.

196 3849 207 3882 ³
224 3847 288 3898 Vide
302 3849 331 3898 C.
347 3849 371 3898 J.
387 3848 499 3898 Victoris
513 3849 603 3898 Artem
617 3848 783 3908 rhetoricam,
800 3866 821 3897 r.
838 3863 873 3908 vr,
889 3850 906 3910 5
920 3848 935 3896 3
952 3863 956 3896 :
973 3848 1004 3896 de
1019 3849 1094 3898 Loris
1109 3863 1123 3896 a
1141 3847 1231 3897 defini·

167 3927 243 3978 tione.

196 4010 207 4044 ⁴
223 4009 288 4058 Vide
303 4014 368 4059 orat.
383 4025 430 4073 pro
444 4009 559 4068 Murena,
574 4027 596 4060 c.
611 4023 648 4059 nr.
664 3999 761 4057 Eadem
775 4005 900 4056 sententia
913 4022 943 4055 ex
957 4005 1002 4056 illo
1015 4023 1088 4058 versu
1104 4008 1232 4059 Ciceronis

165 4088 350 4147 aQointiliano
364 4094 480 4156 excerpto
494 4095 617 4154 apparet:
630 4105 643 4135 r
657 4089 806 4151 Quanquam
819 4087 862 4136 illa
877 4103 927 4138 non
949 4101 1022 4151 poeno
1038 4087 1082 4138 sed
1095 4087 1233 4152 prohibitio

168 4168 270 4220 sceleris
285 4170 332 4219 tuit
346 4186 359 4217 r
375 4169 430 4232 (lib.
442 4169 487 4230 tx,
498 4185 520 4220 c.
531 4171 573 4233 n);
588 4173 614 4219 et
627 4185 658 4219 ex
672 4169 721 4217 hoc
732 4168 885 4232 fragmenta
896 4169 964 4232 quod
975 4167 1080 4218 Beierus
1093 4167 1126 4218 ad
1140 4168 1235 4218 oratio·
