3044 4938
296 354 328 402 58
415 353 463 402 un·
484 351 698 404 CICERONIS
718 343 960 402 onlrlouuu
980 351 1243 402 cunemundus

298 471 468 560 risimilia,
485 471 577 566 quod
594 480 646 544 cst
668 471 848 565 proprium
864 469 1091 560 narrationis,
1109 478 1143 544 et
1156 492 1234 563 quae
1248 478 1363 557 erant,

296 586 389 682 quod
407 587 545 658 ridiculi
563 586 742 682 proprium
762 594 830 674 est,
849 585 1048 680 subturpia,
1065 594 1104 656 ut
1116 586 1155 656 in
1167 585 1232 657 hoc
1247 608 1268 657 a
1282 584 1365 655 divo

295 703 511 798 Hieronymo
535 709 672 774 servato
695 726 702 771 :
727 726 745 772 r<
773 702 911 794 Loquor
935 700 1028 772 enim
1052 724 1131 795 quae
1159 724 1237 772 sum
1263 699 1361 793 ipse,

295 827 362 892 etc.
373 842 383 910 ;
408 843 427 888 i>
452 816 513 890 sed
532 817 650 903 etiam,
669 815 761 909 quod
780 823 954 888 testantur
967 812 1224 898 Quintilianus¹
1240 822 1274 886 et
1288 815 1367 884 Va-

295 933 401 1006 lerius
412 929 426 973 ²
438 931 627 1015 Maximus
640 931 801 1025 quodque
815 931 889 1025 ipse
903 931 1088 1002 confitetur
1097 927 1122 1018 ³,
1138 954 1156 999 r<
1172 929 1238 1001 hoc
1251 931 1366 1024 ipsum

295 1049 398 1123 etiam
414 1043 564 1143 ponebat
578 1067 642 1140 pro
659 1053 882 1137 argumento,
901 1043 992 1139 quod
1004 1033 1242 1132 adversarius,
1258 1067 1366 1138 quum

295 1171 429 1258 pestem
448 1161 570 1256 eapitis
588 1162 655 1252 sui,
678 1183 785 1254 quum
808 1159 937 1232 iudicia
957 1161 1078 1231 mortis
1097 1183 1134 1231 se
1153 1161 1365 1253 comperisse

296 1275 481 1350 manifesto
501 1285 535 1348 et
555 1299 662 1347 manu
685 1286 806 1348 tenere
830 1275 974 1365 diceret,
997 1283 1069 1347 tam
1090 1274 1204 1347 solute
1218 1275 1359 1367 egisset,

295 1399 366 1463 tam
386 1392 526 1481 leniter,
548 1400 620 1464 tam
645 1391 847 1480 oscitanter,
873 1391 922 1462 ita
949 1417 956 1461 :
984 1415 1003 1461 r<
1021 1391 1077 1462 Tu
1094 1392 1196 1480 istuc,
1220 1391 1271 1462 Μ.
1293 1388 1365 1461 Ca-

294 1505 370 1598 lidi,
392 1517 458 1580 ctc.
482 1532 500 1578 n
523 1505 579 1578 Ad
597 1505 674 1596 hoc,
702 1506 801 1600 quasi
829 1529 916 1600 opus
943 1515 1036 1578 esset
1052 1506 1265 1594 inchoatum,
1293 1528 1362 1577 non

294 1620 504 1717 perfectum,
524 1631 558 1694 et
572 1620 661 1693 illud
675 1619 913 1692 delectationis
927 1622 1124 1716 aucupium,
1136 1644 1240 1715 quam
1250 1620 1365 1714 lepide

294 1737 438 1810 dicendo
463 1736 616 1809 Calidius
644 1737 934 1827 consectabatur,
963 1761 1033 1810 non
1061 1737 1136 1808 sine
1162 1735 1369 1806 urbanitate·

295 1851 463 1924 irridebat
483 1862 588 1948 atque
607 1853 779 1945 agitabat,
796 1861 835 1928 ut
849 1850 1090 1946 fragmentum
1107 1850 1196 1923 illud
1207 1851 1337 1922 indicat
1352 1875 1369 1924 :.

294 1992 313 2038 ι(
338 1967 416 2061 Ego
436 1976 470 2040 te
498 1976 593 2040 certe
611 1969 694 2057 scic,
719 1977 804 2058 etc.;
824 1993 842 2038 >i
865 1977 898 2038 et
916 1968 1100 2062 exemplis,
1123 1989 1202 2061 quae
1227 1988 1363 2062 semper

294 2081 386 2177 apud
412 2083 669 2155 multitudinem
689 2084 880 2182 plurimum
902 2084 1035 2176 valent,
1058 2107 1133 2155 rem
1157 2105 1257 2154 suam
1278 2106 1365 2178 pro-

293 2193 402 2268 babat
421 2198 733 2293 confirmabatque,
752 2208 791 2270 ut
810 2222 853 2270 ex
871 2199 935 2270 hoc
955 2199 1113 2270 divinare
1127 2196 1209 2269 licet
1227 2223 1235 2267 :
1256 2222 1274 2268 u
1295 2198 1362 2281 Qui

295 2337 421 2409 spurce
435 2314 580 2408 dictum,
594 2326 660 2388 etc.
678 2340 696 2386 »
711 2316 778 2386 Η16
791 2317 833 2386 de
848 2317 1070 2411 peroratione
1084 2314 1167 2395 mihi
1177 2313 1363 2385 dicendum

291 2452 369 2502 6666
380 2429 579 2516 videretur3
595 2455 719 2502 verum
733 2456 777 2503 ex
792 2455 833 2504 ea
846 2432 935 2502 nihil
949 2434 1090 2525 omnino
1104 2443 1217 2505 exstat
1230 2461 1238 2520 3
1256 2421 1363 2527 quan-

295 2566 402 2640 quam
420 2544 612 2617 verisimile
628 2555 680 2618 est
699 2548 735 2618 in
756 2571 797 2620 66
815 2570 920 2620 causa
943 2548 1161 2640 Ciceronem,
1179 2558 1362 2645 postquam

295 2659 587 2734 enumeraverat'*
606 2670 645 2732 ut
664 2663 811 2758 quidque
835 2663 1005 2753 diluisset,
1030 2665 1075 2735 ad
1102 2643 1361 2735 miserationem

297 2777 598 2869 commovendam,
616 2778 659 2850 de
683 2779 786 2851 Gallii
807 2777 959 2868 fortuna,
986 2779 1029 2852 de
1048 2779 1163 2852 omnia
1180 2778 1362 2850 amittendi

294 2894 462 2988 periculo,
481 2891 668 2966 defuturis
684 2893 801 2984 malis,
823 2896 853 2966 si
868 2919 950 2968 reus
965 2906 1055 2969 esset
1073 2896 1272 2983 damnatus,
1294 2892 1361 2964 do-

292 3009 406 3082 lenter
428 3031 504 3081 esse
523 3009 677 3082 locutum
706 3035 715 3080 ι
741 3012 789 3082 116
813 3021 851 3083 ut
872 3010 938 3082 hoc
956 3011 1092 3084 dicendi
1110 3033 1224 3106 genus
1248 3009 1360 3082 vehe-

290 3149 400 3214 mens,
413 3127 605 3216 ineensum,
618 3127 799 3198 incitatum
812 3128 986 3200 sustinere
995 3128 1094 3200 nullo
1106 3142 1206 3225 pacto
1216 3131 1354 3226 judices

291 3243 483 3335 potuerint,
505 3265 545 3314 ac
565 3266 666 3314 reum
688 3242 897 3331 absolutum,
914 3245 1012 3337 quasi
1030 3269 1103 3316 non·
1119 3247 1196 3340 J'am
1213 3249 1268 3319 sui
1289 3271 1355 3342 po-

291 3365 418 3447 tenteS,
436 3357 643 3428 dimiserint.
664 3345 787 3452 Neque
800 3359 852 3430 rei
867 3360 981 3431 exitus
996 3361 1094 3432 illurn
1107 3359 1235 3435 fefellit
1252 3389 1260 3433 :
1276 3362 1356 3436 No-

291 3472 405 3544 vimus
425 3473 516 3543 enim
535 3476 585 3545 M.
612 3472 770 3545 Tullium
788 3475 832 3546 de
847 3497 952 3548 causa
968 3477 1135 3550 victorem
1150 3480 1352 3554 decessisse.

318 3749 327 3784 ¹
344 3746 399 3800 Lib.
413 3749 458 3805 XI,
472 3765 494 3798 6.
506 3762 544 3800 111.

318 3828 329 3862 ²
345 3828 402 3878 Lib.
418 3828 465 3888 IV,
481 3845 504 3879 6.
521 3844 549 3879 x.

318 3909 330 3943 ³
346 3907 449 3967 Brutus,
463 3924 486 3959 c.
502 3923 585 3958 nxxx.

321 3989 329 4022 ⁴
350 3987 413 4036 Vide
428 3987 551 4066 orationis
565 4003 611 4053 pro
625 3987 741 4038 Cluentio
755 3989 832 4038 Avito
846 3993 1042 4054 perorationem.
