3044 4938
562 1396 728 1478 ORATIO
756 1401 838 1476 PRO
867 1403 901 1492 Q.
935 1403 1102 1484 eltuto
1165 1519 1169 1528 ¹

753 1645 907 1659 ur—-v-——a

347 1969 472 2043 lisdem
490 1970 601 2044 ferme
613 1973 733 2045 diebus
752 1975 808 2046 vel
824 1975 928 2071 paulo
948 1965 1042 2064 ante,
1064 1976 1094 2047 si
1112 1975 1248 2049 cuidam
1262 1955 1357 2048 loco¹

299 2084 411 2158 libelli
447 2088 490 2162 dc
527 2090 729 2164 consulatus
769 2093 940 2166 Potitione
979 2093 1082 2166 fidem
1114 2091 1359 2176 adhibeamus,

298 2200 338 2289 Q.
361 2204 529 2298 Gallium,
552 2217 717 2300 praeturae
739 2207 973 2297 candidatum,
995 2209 1115 2280 Cicero
1136 2205 1303 2280 defendit.
1325 2205 1360 2278 ls

299 2322 405 2412 enim,
429 2324 510 2417 quia
537 2324 574 2394 in
601 2325 667 2397 hoc
694 2313 902 2418 magistratu
931 2325 1093 2420 petend0,
1121 2349 1184 2420 per
1212 2325 1362 2418 speciem

298 2439 436 2532 paterni
457 2438 591 2512 funeris
613 2440 820 2530 honorandi,
844 2441 1089 2536 gladiatorium
1109 2465 1236 2514 munus
1255 2438 1364 2512 dede-

299 2561 368 2645 rat,
385 2564 504 2650 utpote
522 2559 580 2652 qui
596 2583 614 2627 «
635 2559 672 2629 in
694 2559 873 2643 aedilitate,
896 2583 999 2653 quam
1023 2567 1104 2630 aute
1123 2581 1254 2630 annum
1277 2580 1364 2650 ges-

299 2680 406 2758 serat,
426 2671 554 2745 bestias
578 2696 649 2744 non
667 2673 843 2747 habuisset
856 2670 883 2762 ²,
903 2699 921 2743 u
941 2674 1091 2746 ambitus
1111 2698 1193 2747 reus
1207 2674 1246 2744 in
1260 2673 1364 2767 judi-

300 2785 389 2856 cium
410 2789 615 2862 vocabatur.
632 2792 685 2863 Ad
699 2791 776 2880 hoc,
798 2793 899 2886 quasi
912 2793 956 2864 de
973 2816 1013 2863 eo
1029 2793 1175 2864 crimine
1186 2791 1365 2864 inimicum

301 2904 510 2978 convincere
523 2928 594 2976 non
613 2908 781 2999 potuisset
795 2916 988 2994 accusator,
1007 2930 1028 2979 a
1047 2907 1159 2980 Gallio
1175 2929 1212 2978 se
1230 2931 1365 2979 veneno

299 3044 398 3115 paene
417 3045 620 3114 oppressum
647 3021 753 3096 fuisse
779 3021 1022 3094 contendebat.
1049 3022 1135 3092 Haec
1161 3031 1277 3093 autem
1300 3021 1377 3110 des

303 3134 427 3220 fensi0,
446 3158 552 3229 quum
570 3136 689 3207 verbis
702 3137 796 3209 haud
806 3136 964 3210 obscuris
975 3159 1073 3207 reum
1089 3135 1248 3208 Catilinae
1259 3135 1367 3208 fuisse

303 3251 551 3324 amicissimum
564 3251 602 3320 in
616 3252 788 3345 superiori
806 3252 965 3323 oratione
983 3251 1035 3320 M.
1059 3249 1195 3324 Tullius
1212 3251 1368 3323 indicas-

302 3376 367 3455 set,
403 3391 467 3439 nos
501 3365 649 3461 quadam
678 3367 910 3440 admiratione
942 3389 1145 3463 permovere
1173 3366 1364 3452 debuerat;

302 3507 426 3556 verum
436 3484 481 3555 ad
492 3482 613 3567 Quinti
630 3483 685 3553 sui
698 3481 821 3578 fratris
835 3483 1079 3578 praescriptum
1094 3491 1212 3554 noster
1227 3483 1366 3575 agebat,

302 3622 343 3671 ac
364 3597 468 3671 dabat
487 3619 629 3692 operam
655 3607 693 3668 ut
716 3599 739 3669 ii
764 3599 843 3692 ipsi,
866 3622 1014 3693 quorum
1038 3597 1200 3668 voluntas
1227 3606 1369 3692 propter

303 3712 569 3810 competitorum
583 3714 752 3786 amicitias
762 3715 878 3786 aliena
897 3724 985 3805 erat,
1002 3715 1132 3785 scirent
1144 3714 1180 3783 in
1195 3715 1268 3785 suis
1283 3723 1370 3786 tem-

198 3910 206 3921 ,
303 3827 448 3924 poribus
464 3851 576 3922 neque
598 3827 751 3899 studium
769 3829 879 3922 ipsius
899 3827 1012 3924 neque
1035 3827 1269 3922 patrocinium
1294 3852 1370 3900 esse

303 3941 518 4016 defuturum.
539 3941 638 4027 Quod
656 3944 683 4014 si
702 3942 806 4015 valde
821 3943 985 4033 Gallium,
1003 3946 1103 4040 cujus
1120 3944 1157 4016 in
1174 3941 1250 4015 foro
1269 3945 1370 4017 soda-

336 4221 390 4272 ¹C.
408 4235 435 4270 ν.

337 4301 349 4335 ²
363 4301 467 4349 Asconii
483 4299 692 4356 commentarium
706 4299 830 4356 orationis
841 4299 866 4354 iu
879 4305 940 4363 toga
953 4301 1070 4358 candida,
