3070 4950
209 407 211 414 Ι
298 332 329 382 24
413 333 461 384 DE
483 335 697 386 CICERONIS
721 333 964 388 ORATIONUM
986 334 1252 386 FRAGMENTIS

295 451 450 544 judicem
473 453 676 544 deduceret,
700 464 750 543 ut,
771 455 862 549 quod
880 455 1070 548 plurimum
1092 454 1209 548 pollet,
1232 454 1370 526 animos

299 569 448 661 quodam
459 569 581 641 dolore
592 569 833 664 perfunderet.
843 572 940 665 Ergo
956 571 998 642 de
1014 569 1127 642 more¹
1138 595 1213 660 suc,
1223 580 1369 665 postea-

299 707 402 776 quam
424 711 461 758 so
488 688 525 758 in
554 688 832 758 communionem
852 688 954 782 Oppii
979 697 1176 781 temporum
1209 689 1368 760 contule-

298 807 365 888 rat,
388 801 417 872 si
432 804 593 897 quaedam
612 825 818 874 asseverare
836 827 977 896 possum
992 827 1035 874 ex
1047 804 1112 874 hoc
1133 804 1176 876 de
1189 805 1369 876 Frontone

298 928 461 1013 excerpto
479 943 486 988 :
513 945 531 988 u
552 919 770 1013 Questusque
788 941 924 988 mecum
938 928 1004 1007 est,
1020 944 1037 988 u
1060 919 1257 992 illuminate
1275 921 1368 992 dioe-

298 1037 359 1109 bat
381 1059 485 1130 qnam
504 1035 644 1125 durum,
666 1057 770 1129 quam
799 1035 978 1120 acerbum,
1011 1057 1114 1128 quam
1135 1035 1368 1132 inhumanum

298 1162 391 1224 esset
406 1176 469 1223 nos
493 1150 593 1222 abiis
608 1152 819 1245 oppugnari,
839 1174 987 1246 qnorum
1010 1149 1164 1222 consiliis
1183 1147 1266 1222 freti
1291 1174 1368 1222 esse

298 1269 518 1340 deberemus.
541 1269 598 1357 At,
622 1292 688 1362 quo
708 1269 801 1338 hunc
821 1270 936 1340 locum
948 1267 1105 1338 ornando
1126 1267 1239 1360 magis
1256 1291 1372 1363 auge-¹

298 1392 466 1479 rotatque
478 1384 719 1479 amplificaret,
733 1406 753 1454 a
769 1385 913 1479 propria
925 1394 959 1456 et
974 1383 1117 1456 definita
1133 1383 1367 1477 disputatione

219 1579 221 1582 ,
297 1501 492 1574 hominisac
501 1501 668 1596 temporis
683 1501 728 1572 ad
743 1500 1197 1595 communemquaestionem
1208 1499 1365 1571 universi
1460 1543 1465 1547 -

297 1618 438 1711 generis
463 1618 658 1690 orationem
688 1607 906 1708 traducebat,
930 1625 969 1686 ut
995 1615 1071 1686 haec
1094 1639 1137 1687 ex
1160 1612 1367 1688 Ammiano²

298 1733 507 1806 Marcellino
536 1744 671 1827 sumpta
701 1733 875 1805 sententia
902 1733 1043 1804 abunde
1073 1730 1172 1802 nobis
1206 1731 1360 1824 probat:

300 1877 317 1918 r<
342 1850 483 1920 Etenim
508 1849 656 1920 multum
676 1874 777 1942 posse
798 1850 845 1920 ad
878 1849 1028 1920 salutem
1054 1843 1213 1935 alterius,
1241 1847 1365 1918 honori

297 1965 442 2050 multis3
477 1987 600 2058 parum
627 1965 784 2057 potuisse
812 1965 855 2036 ad
888 1964 1048 2052 exitium,
1072 1961 1203 2057 probro
1235 1963 1366 2035 nemini

297 2080 373 2152 fuit.
394 2105 412 2149 p
433 2081 533 2164 Quod
560 2083 589 2151 si
620 2104 713 2152 nunc
726 2081 891 2174 judicare
909 2081 1060 2152 velimus
1080 2097 1148 2174 qua
1171 2081 1362 2172 gravitate,

297 2220 364 2292 qua
385 2198 433 2286 vi,
455 2221 522 2292 quo
542 2197 649 2268 animi
669 2206 765 2270 motu
785 2197 877 2268 hanc
898 2197 1065 2268 orationis
1085 2204 1221 2289 partem
1246 2184 1383 2267 noster

297 2314 513 2403 tractaverit,
534 2313 623 2384 illud
641 2313 810 2385 orationis
825 2337 887 2407 pro
903 2311 915 2352 ³
930 2313 1082 2383 Murena
1095 2311 1227 2382 intueri
1245 2319 1279 2381 et
1294 2334 1366 2382 me-

218 2469 221 2474 v
296 2429 406 2501 moria
430 2431 583 2502 retinere
616 2438 764 2523 oportet,
792 2453 860 2524 quo
891 2427 1046 2502 affirmat
1071 2450 1209 2521 semper
1240 2427 1364 2498 Romae

295 2547 400 2618 nimis
420 2545 556 2639 magnis
575 2554 816 2616 accusatorum
836 2544 960 2639 opibus
975 2552 1009 2616 et
1032 2542 1200 2638 populum
1215 2542 1364 2613 univer-

295 2686 371 2733 sum
387 2671 421 2733 et
438 2661 612 2756 sapientes
630 2684 670 2733 ac
694 2661 842 2732 multum
861 2662 899 2732 in
918 2669 1098 2756 posterum
1109 2657 1361 2752 prospicientes
1438 2715 1441 2722 .
1513 2663 1514 2676 ¹

224 2767 229 2777 ¹
290 2779 426 2872 judices
449 2779 629 2849 restitisse.
653 2776 803 2869 Verum,
828 2777 928 2872 quasi
953 2800 1071 2850 causae
1101 2787 1268 2850 eventum
1287 2779 1361 2872 jam

293 2895 526 2988 cognovisset,
554 2917 624 2965 non
644 2893 755 2964 solum
772 2894 862 2965 illud
880 2903 982 2966 acute
1004 2894 1065 2966 sed
1087 2897 1193 2968 etiam
1212 2894 1362 2966 ridicule

293 3009 420 3102 agebat
438 3031 478 3080 ac
490 3007 624 3093 lacete3
641 3017 675 3079 et
693 3009 831 3080 dicendi
848 3012 937 3080 ratio
959 3011 1106 3102 egregia
1125 3035 1204 3082 cum
1224 3034 1360 3082 summa

293 3124 484 3198 festivitate
499 3133 532 3195 et
549 3132 733 3196 venustate
754 3126 1048 3219 conjungebatur.
1062 3127 1206 3198 Etenim
1222 3128 1362 3199 innono

293 3240 384 3313 libro
394 3239 643 3326 Quintilianus,
665 3264 773 3334 quum
790 3241 834 3311 de
851 3241 972 3334 lepore
989 3265 1030 3314 ac
1047 3243 1231 3316 dicacitate
1246 3244 1363 3316 disse-

292 3357 349 3445 rit,
370 3357 461 3428 hanc
478 3356 690 3429 contrariam
700 3356 836 3426 dicendi
855 3379 959 3450 quam
977 3380 1055 3452 quae
1070 3359 1274 3452 intelligere
1292 3384 1361 3432 ve-
1381 3427 1385 3432 .

291 3474 335 3544 lis
367 3474 551 3561 rationem,
579 3481 618 3542 ut
639 3472 701 3541 ille
720 3495 783 3564 pro
816 3473 925 3566 Oppio
953 3473 1049 3546 locus
1073 3499 1080 3542 :
1113 3499 1131 3545 «
1154 3476 1375 3558 Oamorem

292 3589 447 3659 mirum!
477 3612 497 3658 o
524 3587 808 3658 benevolentiam
828 3588 1067 3680 singularem!
1095 3565 1360 3663 »uehementer

290 3703 412 3774 laudat
439 3711 472 3773 et
497 3700 712 3794 comprobat.
741 3701 854 3775 Causa
888 3713 964 3774 erat
994 3705 1085 3776 diota
1121 3718 1155 3776 et
1178 3716 1356 3801 perorata,

321 4021 329 4055 ¹
347 4018 412 4068 Vide
427 4018 533 4076 Pluncii,
547 4019 624 4068 Sestii
640 4025 665 4068 et
681 4020 784 4069 Milonis
798 4023 994 4084 perorationem.

320 4100 330 4134 ²
346 4101 402 4149 Lib.
418 4099 477 4160 Vll,
491 4115 514 4149 c.
529 4117 547 4149 r.

319 4181 331 4214 ³
346 4181 397 4228 Pro
412 4180 526 4238 Murena,
541 4195 564 4229 c.
579 4195 672 4229 xxvru.
