3044 4938
239 405 243 414 Ι
321 329 367 384 122
442 329 492 384 DE
513 327 730 383 CICERONIS
751 330 991 384 ORATIONUM
1016 329 1283 386 FRAGMENTIS

245 467 251 476 '
320 452 480 547 personis
494 451 540 523 ad
553 475 629 524 rem
643 452 680 522 in
696 450 935 522 controversia
948 450 1096 544 positam
1111 435 1305 524 orationem
1316 460 1389 524 tra·
1407 485 1409 490 ·

320 568 427 656 ducit,
453 565 612 640 eamdem
635 567 706 639 vim
732 576 767 640 et
790 565 939 660 copiam,
967 568 1107 639 easdem
1130 567 1268 640 dicendi
1294 565 1392 641 faces

320 683 462 757 adhibet
474 692 579 778 atque
593 683 766 755 admovet.
783 681 836 754 lta
853 681 891 754 in
905 683 1090 755 Metellina
1099 685 1268 776 oratione,
1282 708 1392 781 quum

321 802 413 896 apud
431 811 589 874 senatum
604 809 725 872 contra
741 801 945 874 concionem
958 800 999 884 Q.
1018 801 1149 874 Metelli
1162 826 1240 876 sese
1249 826 1389 898 purga-

321 917 381 990 bat
400 928 435 992 et
457 901 677 991 consulatum
695 915 919 1008 defendebat,
948 918 1054 1012 qu'um
1080 942 1144 1014 pro
1168 942 1233 990 sua
1255 919 1388 1012 gloria,

321 1035 421 1128 cujus
435 1043 566 1130 praeter
585 1044 719 1107 ceteros
738 1032 862 1104 avidus
878 1042 983 1128 atque
1000 1043 1168 1130 appetens
1183 1033 1278 1124 soie,
1290 1060 1391 1130 prae-

320 1154 495 1240 liabatur,
523 1171 694 1246 nusquam
718 1149 870 1244 probare
899 1173 941 1222 ac
963 1151 1206 1224 demonstrare
1231 1151 1391 1224 tentabat

321 1288 463 1339 necesse
483 1287 559 1338 esse
578 1264 767 1360 aliquando
782 1273 832 1354 ut,
856 1289 962 1361 quum
980 1267 1104 1338 civitas
1117 1267 1154 1337 in
1168 1291 1300 1339 summo
1312 1268 1391 1340 dis-

320 1383 466 1454 crimine
483 1390 660 1470 versatur,
680 1402 791 1452 vanas
804 1380 1016 1474 judiciorum
1030 1379 1200 1454 formulas
1214 1392 1248 1454 et
1268 1392 1390 1455 muta-

320 1498 407 1570 biles
425 1488 643 1594 temporibus
659 1497 745 1592 ipsis
765 1496 864 1590 leges
888 1497 911 1569 ii
930 1497 1095 1570 omittant
1118 1498 1386 1601 negligantque,

321 1616 378 1711 qui
398 1638 525 1688 cavere
543 1613 671 1686 debent
689 1635 733 1685 ne
758 1612 842 1709 quid
864 1613 1060 1708 respublica
1080 1611 1308 1687 detrimenti²
1324 1625 1389 1688 ca-

320 1731 410 1826 piat3
433 1754 556 1824 verum
584 1737 645 1800 aut
671 1751 748 1801 cum
770 1723 916 1799 summis
935 1727 1096 1800 laudibus
1115 1753 1193 1825 quae
1217 1754 1389 1827 prospera

321 1855 404 1918 tunc
419 1869 569 1918 evenere
584 1844 769 1938 delegabat
783 1843 953 1937 senatui3,
970 1854 1045 1937 aut,
1059 1854 1098 1917 ut
1111 1845 1303 1919 verisimile
1318 1856 1386 1939 est,

318 1960 362 2031 iis
375 1959 656 2032 miserationibus
665 1957 690 2050 ⁴,
706 1959 881 2053 inquibus
897 1959 1104 2048 excellebat,
1118 1958 1295 2050 utebatur,
1310 1971 1385 2054 aut,

319 2087 357 2149 ut
371 2077 476 2171 plane
495 2085 653 2172 apparet,
675 2098 719 2146 ne
739 2075 926 2147 verborum
946 2099 1138 2150 concursus
1154 2099 1258 2173 asper
1277 2089 1385 2187 esset,

319 2193 428 2266 verba
446 2190 674 2284 componebat
697 2198 732 2262 et
756 2191 1037 2284 augmentabat,
1065 2192 1164 2288 quasi
1187 2192 1297 2287 ipsius
1321 2193 1388 2266 de-

317 2307 429 2380 fensio
443 2308 480 2378 in
494 2331 536 2379 ea
551 2307 666 2402 posita
677 2316 783 2395 esset,
799 2306 894 2379 hunc
908 2330 954 2379 an
969 2308 1069 2380 illum
1084 2309 1270 2381 circuitum
1281 2309 1388 2382 adbi-

319 2423 429 2513 beret,
444 2423 536 2494 hanc
546 2445 592 2494 an
605 2422 699 2494 illam
715 2422 937 2498 artificiosam
950 2424 1211 2498 conclusionem
1223 2426 1261 2497 in
1271 2425 1388 2497 lucem

318 2542 450 2613 ederet.
476 2540 529 2614 lta
555 2543 593 2612 in
618 2540 776 2613 oratione
800 2562 862 2633 pro
886 2565 971 2635 rege
990 2540 1230 2613 Alexandrino
1256 2540 1387 2632 nonin

309 2655 627 2756 'deliberationibus
637 2655 785 2748 publicis
796 2654 1011 2728 adhibendus
1021 2666 1141 2727 auctor
1151 2677 1193 2728 ac
1205 2656 1383 2752 princeps,

317 2774 556 2868 sedpatronus
566 2795 606 2844 ac
615 2769 781 2844 defensor
792 2771 1081 2843 videbatur.Non
1092 2769 1249 2865 equidem
1258 2763 1386 2864 ignoro

315 2890 565 2983 gravissimum
576 2888 750 2984 quoddam
760 2885 1040 2981 argumentuml,
1055 2888 1148 2983 quod
1159 2911 1227 2958 non
1240 2911 1284 2960 ex
1299 2887 1383 2960 rhe-

317 3012 432 3074 torum
451 3004 590 3075 officina
609 3003 670 3077 sed
685 3026 729 3076 ex
748 3027 868 3076 rerum
882 3003 1038 3074 civilium
1052 3003 1259 3075 tractatione
1278 3027 1384 3099 repe-

289 3119 476 3209 ¹tebatur,
507 3119 613 3191 istum
641 3120 820 3192 invenisse
850 3129 883 3192 et
912 3119 1123 3215 sumpsissc3
1159 3119 1221 3190 sed
1249 3142 1321 3191 non
1348 3119 1385 3190 id

316 3243 444 3306 tactum
469 3245 724 3330 tractatumque
742 3234 917 3323 habebat,
943 3242 977 3308 et
995 3235 1039 3306 ad
1058 3235 1228 3306 minutam
1248 3257 1384 3328 angus·
1490 3215 1492 3293 l

315 3358 454 3445 tamque
469 3351 775 3436 concertationem,
795 3360 833 3423 ut
846 3351 996 3428 ¹crimina
1021 3351 1099 3444 regi
1112 3348 1246 3445 objecta
1263 3349 1383 3422 dilue-

314 3462 403 3553 retl,
424 3466 541 3538 statim
561 3466 712 3556 redibat,
733 3466 791 3540 vel
811 3467 856 3538 ad
880 3465 1066 3562 quemdam
1085 3465 1200 3538 locum
1223 3489 1373 3538 commu·
1486 3495 1487 3530 t

1484 3549 1486 3651 l

345 3781 354 3818 ¹
371 3779 461 3832 Oratio
474 3796 521 3846 pro
532 3781 637 3840 Archia,
648 3796 670 3829 c.
686 3797 724 3832 xr.

345 3863 460 3913 ²C0nler
470 3863 619 3912 Ciceronem
633 3862 659 3910 in
673 3862 764 3912 Partit.
778 3866 858 3922 Orat,
874 3879 896 3912 c.
912 3878 978 3914 xxx.

343 3943 355 3978 ³
367 3943 434 3992 Vide
445 3942 602 4006 Fragmenta
613 3942 738 3993 orationis
748 3942 895 3992 Metellinae.

341 4025 354 4060 ⁴
368 4025 470 4085 Orator,
483 4040 505 4075 c.
517 4037 624 4074 xxxvrr.

342 4105 354 4140 ⁵
368 4125 381 4149 α
396 4103 455 4154 Non
470 4106 554 4169 patiar
568 4106 634 4154 hanc
646 4104 761 4155 exaudiri
776 4119 872 4164 vocem,
886 4108 959 4154 neto.

342 4184 353 4219 ⁶
370 4203 381 4230 u
397 4185 479 4244 Quum
494 4185 537 4234 ille
552 4200 595 4234 rex
610 4186 643 4235 sit
659 4186 816 4243 interfectus,
832 4205 844 4233 s
861 4191 909 4235 etc.
