3070 4950
437 425 588 477 ORATIO
605 425 682 476 PRO
700 424 738 474 M.
757 424 918 474 TULLIO.
937 423 961 473 ll
1217 415 1232 466 5

168 567 247 617 cum
266 543 547 618 benevolentiam
568 545 801 632 abalienaret,
823 544 866 614 de
888 543 960 615 vita
981 541 1079 613 illius
1103 550 1137 612 et
1157 563 1236 610 mo·-

170 648 268 731 ribus
283 669 317 731 et
335 661 589 733 existimatione
605 662 716 734 multa
731 660 923 755 protulerat
937 687 946 744 3
963 667 1100 754 postea,
1128 667 1234 752 quum

169 774 312 848 difficile
332 789 425 850 esset
444 801 587 871 negare,
612 780 703 874 quod
722 787 797 850 erat
815 776 997 871 optimum,
1016 784 1127 846 totum
1146 770 1233 844 faei-

169 915 237 964 nus
255 890 386 964 factum
403 917 493 982 esse,
509 894 680 966 divisione
697 917 767 982 uon
782 893 929 978 insulsa,
947 892 1025 986 quia
1040 889 1234 962 defenden-

168 1017 239 1078 tem
257 1011 430 1103 separatio
449 1001 588 1102 semper
607 1011 765 1102 adjuvat,
790 1034 872 1081 usus
889 1019 989 1080 erat:
1011 1010 1160 1102 primum
1177 1008 1237 1076 in-

166 1125 301 1218 jecerat
329 1124 418 1196 nihil
442 1149 543 1220 posse
570 1127 651 1196 dom
675 1129 767 1199 malo
795 1125 943 1198 familiae
972 1123 1071 1213 fieri3
1110 1122 1235 1216 deinde

167 1239 254 1311 illue
269 1238 479 1334 confugerat
497 1253 659 1336 oportere
678 1243 789 1338 quaeri
805 1246 888 1338 jure
904 1267 949 1315 an
969 1240 1102 1334 injuria
1118 1240 1237 1310 homi-

169 1378 231 1426 nes
249 1355 299 1427 M.
318 1356 427 1427 Tullii
446 1357 551 1429 occisi
568 1372 702 1446 essent3
725 1359 864 1429 tandem
884 1357 1126 1428 necessitatem
1141 1376 1236 1447 prae·
1310 1357 1315 1361 '

169 1471 351 1561 tendebat,
379 1484 565 1568 propterea
594 1475 685 1569 quod
709 1498 785 1545 non
810 1474 924 1546 solum
950 1496 1042 1544 unus
1070 1471 1111 1540 P.
1134 1468 1236 1541 Fabii

170 1610 294 1660 servus
320 1588 374 1659 ab.
393 1577 592 1660 adversarii
620 1588 753 1662 familia
778 1591 937 1664 sublatus
962 1596 1050 1676 erat,
1077 1586 1138 1658 sed
1157 1584 1237 1679 quia

169 1703 280 1775 eidem
291 1703 401 1775 Fabio
416 1704 537 1776 eadem
553 1703 686 1778 familia
701 1705 849 1777 insidias
862 1702 1066 1776 collocabat.
1087 1699 1142 1771 Ad
1156 1699 1234 1782 hoe,

169 1815 251 1890 faeti
269 1823 528 1892 exeusationem
549 1822 697 1894 ducebat
710 1830 785 1893 turn
803 1820 847 1891 ab
859 1820 922 1891 illa
939 1820 1020 1912 lege
1037 1817 1079 1888 de
1097 1816 1163 1886 XII
1178 1824 1236 1886 ta-

169 1934 274 2023 bulis,
298 1959 377 2030 quae
400 1937 583 2031 aliquoties
605 1937 830 2031 permittebat
853 1945 890 2008 ut
917 1935 1091 2007 hominem
1114 1933 1236 2002 liceret

169 2051 340 2140 occidere,
358 2040 431 2124 tum
445 2076 487 2124 ex
501 2076 542 2124 ea
560 2053 641 2146 lege
655 2060 753 2135 nata,
770 2076 840 2123 non
856 2052 997 2145 scripta,
1015 2047 1146 2155 qua„si
1162 2046 1235 2118 vita

170 2175 291 2238 nostra
311 2169 347 2238 in
367 2169 501 2262 aliquas
524 2169 669 2240 insidias
691 2167 825 2255 incidit,
850 2165 963 2238 omnis
983 2164 1131 2235 honesta
1147 2160 1235 2232 ratio

170 2291 223 2353 est
236 2283 462 2376 expediendae
478 2283 635 2355 salutis1.
737 2379 739 2382 Ι

218 2395 356 2469 Animis
370 2398 540 2492 judicum,
573 2423 592 2469 e
613 2400 752 2493 judicio
779 2396 962 2492 paululum
988 2392 1232 2487 digrediendo,

170 2512 334 2584 tenebras
348 2515 386 2584 L.
403 2514 565 2598 Quintius
579 2513 766 2598 effuderat3
785 2536 844 2584 eas
860 2521 975 2583 autem
991 2507 1235 2604 respondendo

169 2627 339 2720 imprimis
357 2638 478 2701 noster
500 2639 662 2702 excutere
677 2628 821 2700 studuit.
840 2628 887 2699 Ut
906 2620 1097 2720 simplieis²
1112 2647 1236 2717 sump-

170 2743 262 2836 tique
280 2745 473 2838 eproximo
492 2747 664 2817 sermonis
682 2745 785 2817 fidem
802 2745 1012 2838 anquireret,
1035 2741 1079 2812 ab
1098 2740 1236 2812 actione

169 2858 363 2930 adversarii
381 2861 561 2931 exordium
578 2861 736 2932 sumebat
747 2885 767 2950 ;·
779 2869 827 2947 et,
847 2869 1043 2954 quanquam
1060 2857 1235 2949 jussuum

169 2973 404 3066 intelligebat,
422 2983 456 3047 et
471 2975 675 3048 modestiam
689 2986 723 3048 et
736 2977 893 3071 judicum
910 2974 1144 3045 reverentiam
1160 2994 1233 3066 prae

170 3111 207 3159 se
226 3085 381 3176 ferebat,
400 3113 527 3178 eosque
545 3093 582 3162 in
600 3092 745 3185 praemio
765 3091 910 3162 docebat
930 3089 1032 3161 simul
1054 3111 1095 3160 ac
1114 3087 1235 3159 delec-

169 3201 275 3291 tabat,
297 3227 403 3298 quum
416 3205 554 3294 leviter,
580 3206 715 3279 urbane
738 3215 868 3295 tamen,
891 3204 1147 3298 longiusculam
1168 3202 1235 3273 ad-

168 3341 282 3390 versae
301 3319 412 3413 partis
431 3308 622 3393 orationem
638 3323 907 3416 perstringeret.
923 3321 1022 3407 Inde,
1041 3319 1175 3413 paratis
1191 3316 1236 3388 ad

169 3434 382 3506 audiendum
401 3436 538 3525 animis,
561 3447 828 3525 accurate,'non
849 3447 966 3508 autem
984 3435 1233 3524 immoderate,

168 3549 317 3642 ponebat
338 3572 416 3644 quae
440 3549 584 3624 deberet
608 3575 685 3623 esse
700 3552 858 3647 judicum
878 3551 1076 3639 aestimatio,
1099 3572 1235 3644 quaque

167 3783 269 3834 omissis
283 3787 450 3848 argumentis,
467 3803 545 3852 quum
558 3795 645 3840 noster
659 3791 721 3843 dicit
741 3790 827 3840 omnia
844 3805 870 3839 se
891 3793 973 3840 lacere
992 3805 1038 3854 pro
1052 3789 1146 3848 Tullio,
1162 3791 1194 3848 (c.
1208 3788 1236 3849 r),

166 3863 292 3926 quianon
310 3867 395 3916 minus
409 3868 494 3917 animo
509 3887 585 3936 quam
604 3872 707 3922 nomine
720 3873 869 3936 conjunctus
890 3879 938 3932 est,
954 3869 1092 3920 verisimile
1109 3874 1147 3918 est
1159 3871 1237 3916 istum

167 3959 248 4008 neque
263 3946 396 3996 nobilitate
411 3964 492 4012 neque
512 3951 677 4016 amplitudine
692 3957 780 4001 notum
795 3966 851 4000 esse
869 3967 874 3999 :
892 3966 950 3999 nam
966 3951 1052 4001 statim
1074 3965 1088 3998 e
1103 3948 1236 4011 dignitatis

167 4026 385 4076 commendatione
397 4033 473 4092 atque
487 4032 649 4088 auctoritate,
666 4032 810 4097 praesertim
824 4047 902 4094 quum
920 4033 948 4080 P.
961 4031 1056 4080 Fabius
1066 4030 1135 4079 nulla
1151 4044 1179 4078 re
1194 4029 1236 4077 uo-

167 4113 243 4164 ueret,
260 4122 309 4156 uon
324 4108 452 4159 infirmum
465 4117 643 4174 argumentum
658 4119 780 4178 patronus
794 4127 893 4161 sumere
909 4117 1041 4162 tentasset.

199 4189 207 4222 ¹
222 4188 309 4238 Oratio
323 4203 370 4252 pro
384 4189 414 4239 T.
429 4190 463 4240 A.
478 4190 582 4252 Milone,
596 4208 618 4242 o.
634 4208 671 4244 iv.

198 4267 398 4329 ²Quintilianus,
413 4270 458 4321 lib.
475 4269 520 4336 Ill,
536 4286 558 4320 c.
571 4287 586 4322 1.
