3070 4950
459 383 611 439 6111110
634 387 710 437 nno
732 383 762 437 1.
784 381 904 439 orato
1106 357 1112 364 ’
1181 338 1217 433 ’11

143 517 265 586 ¹autem
283 506 358 594 loco
372 529 450 578 sese
465 515 584 579 noster
600 506 779 595 efferebat,
793 505 965 600 siquidem
976 504 1217 588 Quintilianus

149 623 240 694 dicat
259 621 436 692 infinitum
459 645 536 695 esse
560 620 795 694 61111111611161
815 632 853 693 ut
876 621 998 692 Cicero
1013 622 1125 692 Cottae
1151 620 1217 690 de-

151 738 297 810 traxerit
312 739 566 810 auctoritatem.
588 738 760 827 Primum,
780 747 820 810 111
838 739 991 810 omnium
1009 738 1218 811 acerrimum

150 855 257 947 longe
291 855 443 926 omnium
471 852 616 925 invidiae
643 863 775 926 motum
809 855 846 924 in
875 853 1010 927 Cottam
1036 854 1216 944 excitaret,

151 993 254 1064 quam
273 978 365 1042 esset
387 971 474 1042 actio
494 970 647 1042 erudelis
671 970 888 1059 ostentabat,
919 980 1103 1065 propterea
1128 971 1220 1065 quod

151 1085 285 1180 Oppius
317 1109 361 1157 ex
387 1085 539 1181 superba
573 1083 814 1180 proconsulis²
841 1087 983 1181 epistola
1008 1109 1090 1158 reus
1127 1094 1218 1158 esset

151 1201 286 1286 factus;
308 1207 428 1298 neque
453 1203 490 1272 id
512 1213 589 1274 erat
607 1200 775 1274 difficile:
804 1203 981 1274 invidetur
1004 1204 1099 1274 enim
1126 1225 1219 1296 saepe

152 1318 405 1412 superioribus
425 1320 454 1391 si
475 1319 721 1390 intolerantius
731 1342 769 1392 se
785 1320 920 1414 jactant
940 1327 975 1390 et
992 1319 1219 1414 aequabilita-

153 1445 224 1506 tem
233 1435 327 1528 juris
340 1435 547 1528 praestantia
561 1434 741 1528 dignitatis
757 1435 913 1506 transire
932 1435 1066 1507 volunt.
1087 1436 1219 1505 Verum

153 1574 224 1621 non
238 1551 353 1622 minus
368 1549 470 1644 Oppii
486 1551 644 1622 luctuosa
658 1551 808 1622 conditio
824 1574 927 1645 quam
944 1551 1075 1644 ineptia
1094 1548 1218 1621 infan-

148 1666 268 1759 'tiaque
292 1667 505 1737 accusatoris
536 1665 693 1738 Ciceroni
720 1666 874 1762 praefuit.
905 1669 974 1739 Iste
997 1667 1090 1738 enim
1120 1667 1220 1738 modo

155 1782 374 1875 argumentis
402 1783 595 1854 adversarii
623 1807 699 1854 sese
736 1783 947 1877 implicitum
977 1784 1221 1878 irretitumque

156 1897 340 1986 sentiebat,
365 1922 485 1992 quum,
508 1923 551 1971 ex
567 1898 704 1970 duobus
730 1899 941 1971 alterutrum
963 1898 1118 1992 eligendi
1142 1901 1222 1993 lege

155 2014 331 2106 imposita,
343 2016 541 2087 necessario
559 2015 658 2088 fieret
672 2025 710 2087 nt
724 2023 842 2085 utrum
861 2016 1006 2109 elegerit
1024 2017 1091 2110 ipsi
1114 2041 1223 2088 noce«

155 2139 223 2218 ret,
241 2139 280 2201 ut
300 2130 337 2201 in
352 2131 418 2202 hoc
438 2157 446 2202 :
466 2157 484 2201 u
505 2133 632 2203 Utrum
652 2130 785 2228 quum3
802 2131 939 2202 Cottam
954 2132 1156 2225 appetisset,
1176 2155 1222 2202 an

157 2269 264 2340 quum
276 2247 351 2340 ipse
362 2269 438 2317 sese
458 2257 644 2318 conaretur
659 2248 831 2335 occidere,
849 2247 959 2318 telum
975 2247 1005 2318 ei
1026 2273 1044 2319 e
1059 2248 1222 2319 manibus

155 2370 313 2455 ereptum
336 2367 413 2432 estt
431 2388 449 2431 u
472 2363 576 2433 Modo
598 2363 861 2457 consequentia,
889 2385 967 2456 quae
992 2363 1145 2457 quadam
1179 2385 1222 2432 ex

156 2485 257 2570 parte
280 2479 536 2550 accusationem
558 2477 786 2550 infirmabant
811 2479 1085 2574 evertebantque
1098 2532 1107 2569 ,
1130 2487 1225 2550 atto-

156 2593 251 2663 nitus
262 2593 461 2688 invitusque
475 2593 652 2683 audiebat,
666 2606 704 2666 ut
718 2594 808 2664 illud
818 2592 1037 2665 defensionis
1055 2619 1062 2662 :
1079 2595 1198 2678 «Quos
1211 2593 1224 2633 ⁴

156 2709 305 2780 educere
321 2710 450 2781 invitos
471 2712 506 2780 in
528 2711 742 2804 provinciam
770 2734 839 2781 non
858 2711 981 2803 potuit,
1012 2735 1071 2782 eos
1093 2711 1223 2781 invitus

154 2825 308 2896 retinere
323 2825 381 2920 qui
399 2827 535 2919 potuit?
556 2850 575 2894 1)
603 2869 647 2876 -
662 2827 767 2898 Modo
795 2827 949 2914 tandem,
964 2851 1034 2898 non
1054 2828 1130 2900 sine
1144 2851 1223 2898 moa

155 2938 269 3028 lestia,
295 2941 539 3011 adversarium
558 2944 733 3013 communi
753 2953 973 3036 argumente,
994 2943 1085 3039 quod
1106 2945 1223 3015 statim

156 3054 329 3127 evadebat
346 3057 573 3146 contrarium,
597 3057 686 3128 bene
699 3067 855 3130 utentem
874 3061 924 3130 ita
935 3059 1073 3132 videbat
1096 3085 1103 3128 :
1124 3084 1142 3129 u
1155 3057 1225 3129 At5

155 3171 252 3240 enim
272 3172 460 3244 verisimile
476 3197 546 3244 non
566 3184 617 3246 est
636 3183 771 3247 tantum
791 3177 903 3247 scelus
923 3176 973 3247 M.
992 3178 1127 3248 Cottam
1148 3199 1225 3248 esse

157 3297 405 3360 commentum.
432 3289 548 3372 Quint
568 3291 632 3362 hoc
656 3291 849 3363 verisimile
877 3301 929 3364 est
948 3301 1084 3364 tantum
1111 3292 1225 3362 scelus

158 3403 309 3497 Oppium
329 3429 404 3476 6116
418 3409 607 3480 conatum?
621 3433 639 3478 1)
663 3409 826 3480 Attamen
842 3432 912 3480 non
928 3409 1013 3481 satis
1029 3419 1104 3480 erat
1118 3431 1225 3478 accu-

157 3520 289 3590 sator-is
314 3532 525 3619 argumenta
545 3524 619 3594 suis
638 3526 854 3618 argumentis
878 3525 1036 3598 Ciceroni
1064 3525 1222 3606 diluisse,

158 3635 273 3708 eidem
292 3636 448 3710 restabat
466 3649 505 3710 ut
523 3641 797 3712 misericordiam
811 3651 981 3731 moveret,
998 3650 1037 3711 ut
1051 3640 1095 3712 ad
1106 3639 1227 3712 fletum

191 3925 198 3962 ¹
216 3925 394 3988 Quintilianus,
408 3928 453 3978 lib.
469 3929 512 3990 VI,
529 3946 551 3978 c.
567 3945 603 3979 vr.

191 4010 201 4044 ²
215 4009 395 4070 Quintilianus,
410 4010 455 4059 lib.
470 4011 502 4068 V,
516 4028 539 4061 c.
554 4027 609 4062 xm.

191 4091 203 4126 ³
216 4092 398 4154 Quintilianus,
413 4092 456 4142 lib.
472 4093 505 4153 V,
518 4110 540 4142 c.
556 4107 582 4143 x.

192 4174 202 4207 ⁴
217 4173 398 4233 Quintilianus,
410 4173 452 4221 lib.
468 4173 501 4232 V,
513 4190 534 4226 c.
551 4190 577 4222 x.

190 4253 201 4289 ⁵
215 4253 392 4314 Quintilianus
406 4254 450 4305 lib.
465 4254 499 4316 V,
515 4271 537 4304 c.
550 4270 605 4304 xru.
