3024 4944
199 399 452 452 nunculium
471 399 709 452 onnrrosun
728 385 1052 452 oneuuotrnson
1120 403 1164 454 nn

136 523 165 582 6.
191 523 284 582 Venit
299 542 337 583 ex
352 524 439 584 Asia.
460 527 525 583 Hoc
538 523 640 602 ipsum
659 543 750 600 quam
768 524 898 586 novum!
911 524 1067 583 Tribunus
1082 523 1164 600 plebi

101 629 184 689 venit
199 649 237 689 ex
252 630 336 708 psia.
355 632 574 691 Verumtamen
587 630 683 690 venit.
700 629 809 711 (idem,
824 628 966 710 ibidem.)

135 739 165 796 7.
189 737 369 820 Dcdiderim⁴
388 737 535 814 periculis
565 736 718 812 omnibus,
742 737 905 797 obtulerim
927 737 1061 808 insidiis,
1077 739 1166 816 obje-

99 843 192 902 cerim
206 843 342 902 invidiae.
359 843 517 922 (Ibidem.)
605 901 609 911 ,

136 950 164 1007 8.
190 949 301 1018 Quaero
331 951 367 1007 ab
395 949 528 1008 inimicis
557 949 658 1009 sintne
683 952 748 1009 haec
774 949 961 1026 investigata
989 958 1161 1028 comperta,

99 1054 249 1132 patefacta
264 1056 396 1125 sublata,
411 1056 682 1116 delata‘exstincta
696 1075 751 1133 per
764 1075 824 1118 me.
842 1055 950 1135 (Idem,
967 1057 1107 1136 ibidem.)

136 1164 167 1223 9.
191 1161 248 1233 Qui
270 1162 494 1232 indicabantur,
517 1182 568 1222 eos
589 1163 706 1232 vocari,
723 1163 883 1234 custodiri,
902 1165 939 1222 ad
956 1171 1095 1226 senatum
1111 1166 1167 1224 ad·

100 1269 167 1328 duci
178 1271 276 1347 jussi3
293 1271 325 1328 in
341 1277 448 1330 senatu
464 1276 536 1330 sunt
550 1271 653 1348 positi.
670 1269 778 1350 (Idem,
795 1271 935 1351 ibidem.)

139 1377 186 1436 10.
217 1377 275 1448 Qui
300 1377 434 1436 animum
451 1377 601 1454 'hostilem
629 1379 732 1447 habet,
758 1381 788 1436 et
816 1382 904 1457 cujus
933 1379 1014 1440 facta
1042 1383 1168 1458 hostilia

101 1490 178 1545 sunt.
195 1483 241 1564 (d.
259 1484 361 1544 Julius
377 1485 497 1555 Victor,
514 1504 542 1544 c.
559 1485 633 1559 vag
649 1486 679 1561 3,
696 1485 743 1546 ed.
765 1486 867 1564 Maii.)

475 1707 710 1715 ..-..-—-.-...-—.-...-
719 1707 728 1712 -
736 1707 788 1714 40—-

184 2081 185 2086 ‘
251 2087 334 2142 xiv.
368 2043 565 2142 -onnrro
589 2088 638 2142 os
661 2085 916 2142 oonsunnru
940 2085 1018 2143 suo
1113 2155 1116 2162 ⁴

439 2275 642 2310 ARGUMENTUM
657 2275 839 2308 HISTORICUM

142 2416 201 2488 Qui
223 2417 333 2476 dehac
356 2417 493 2476 oratione
516 2436 594 2478 unus
618 2423 758 2493 superest
776 2434 887 2478 versus
915 2417 993 2476 nihil
1014 2415 1171 2476 historicis

103 2527 281 2604 dicendique
312 2525 575 2586 existimatoribus
603 2525 750 2602 prodesse
785 2530 897 2601 potest.
923 2527 1067 2584 Ceterum
1096 2523 1171 2583 satis

104 2653 255 2714 superque
277 2633 549 2693 animadvertimus
572 2632 761 2704 Ciceronem,
785 2632 837 2708 qui
861 2632 961 2692 laudis
984 2633 1085 2692 studio
1110 2638 1170 2690 tam

103 2743 167 2802 acri
183 2743 361 2810 ducebatur,
375 2759 434 2799 non
448 2739 518 2799 aliis
528 2757 579 2800 eas
594 2757 645 2798 res
660 2739 860 2800 celebrandas
875 2740 1022 2798 libentius
1037 2737 1169 2808 dedisse,

106 2854 242 2926 quaS‚·ut
254 2849 321 2925 ipse
337 2847 345 2882 ¹
363 2845 541 2922 dietibabat,
561 2866 578 2905 <t
596 2864 652 2923 pro
677 2847 775 2920 salute
789 2835 982 2921 urbis'atque
1005 2845 1126 2922 imperii
1142 2851 1173 2904 et

103 2973 158 3031 pro
174 2954 239 3014 vita
259 2945 374 3012 civium
394 2969 510 3028 proque
522 2951 673 3011 'universa
686 2921 845 3028 republica
862 2969 877 3008 n
895 2951 927 3009 in
941 2968 996 3010 suo
1011 2950 1171 3008 consulatu

104 3069 257 3140 gesserat.
464 3037 468 3043 Ι

144 3167 257 3226 Habita
271 3171 319 3226 est
330 3165 428 3224 oratio
443 3165 529 3226 Coss.
546 3166 583 3224 D.
601 3163 693 3224 Junio
708 3149 826 3240 Silano,
837 3165 878 3224 J..
894 3164 1015 3224 Licinio
1030 3166 1171 3234 Murena,

105 3294 184 3358 anno
198 3273 239 3332 62
252 3279 323 3332 ante
336 3274 353 3332 J
359 3273 416 3333 .-G.
433 3306 472 3315 -
488 3274 577 3332 Anno
592 3271 750 3331 Ciceronis
764 3273 814 3332 45.

146 3382 283 3452 Quorum
298 3380 470 3454 luxuries†
484 3379 640 3441 fortunata
663 3398 754 3440 censa
767 3378 898 3457 peperit.
918 3379 1063 3458 (Nonius,
1079 3381 1175 3438 verbo

106 3486 236 3555 Census,
252 3504 282 3562 p.
299 3483 385 3562 202.)
457 3485 461 3492 ’

134 3730 144 3766 ¹
160 3727 240 3773 Oratio
249 3741 291 3784 pro
302 3729 384 3773 Archia
395 3735 470 3784 poete,
480 3739 500 3774 c.
514 3741 545 3774 xi.
