3070 4950
437 372 588 424 ORATIO
611 371 687 420 PRO
709 371 736 420 C.
755 370 992 422 CORNELIO.I
1221 371 1252 422 33

185 492 252 563 hac
271 491 471 562 laudatione
490 489 662 584 principio
687 489 816 560 morari
840 511 911 558 non
934 488 1054 580 decct3
1081 498 1127 578 et,
1146 513 1251 584 quum

185 633 228 680 ex
249 608 508 700 elegantissimo
531 607 670 686 Asconii
692 607 941 676 commentario
961 629 1040 700 quae
1060 606 1126 678 ista
1141 585 1252 678 *causa
1298 599 1300 604 ’
1404 620 1407 628 “

186 709 306 813 luerit,
332 748 467 821 quaque
493 723 678 817 prudentia
704 731 737 794 et
757 722 994 793 moderatione
1020 722 1111 792 hanc
1130 721 1251 793 Cicero

185 845 389 914 tractaverit
411 841 560 932 intelligi
576 839 696 934 possit,
724 837 823 909 nobis
842 860 984 908 necesse
1005 846 1058 909 est
1077 845 1116 908 ut
1134 839 1251 909 statim

183 982 237 1050 oa,
259 959 421 1053 quaejam
440 956 568 1029 dicturi
587 979 719 1046 sumus,
734 955 777 1026 ab
796 955 861 1026 hoc
879 953 955 1027 fere
976 963 1184 1026 mutuemur.

231 1077 379 1150 Biennio
395 1085 594 1170 antequam
610 1077 647 1145 in
664 1075 837 1168 judicium
850 1083 994 1146 vocatus
1013 1083 1078 1163 est,
1102 1073 1141 1146 C.
1164 1075 1250 1150 (tao

181 1195 310 1289 purnio
324 1193 466 1277 Pisone,
482 1193 532 1263 M.
547 1192 657 1264 Acilio
677 1191 867 1264 Glabrione
883 1216 988 1280 coss,
1007 1191 1045 1264 G.
1064 1190 1255 1262 Cornelius·

182 1310 343 1382 tribunus
364 1308 478 1404 plebis
498 1307 636 1393 fuerat,
658 1316 706 1397 et,
736 1309 817 1382 dum
846 1308 1062 1400 tribunatum
1084 1307 1245 1400 gerebat,

180 1451 250 1499 non
270 1427 370 1498 modo
384 1427 456 1498 suis
480 1426 717 1519 rogationibus
742 1426 921 1496 inimicum
943 1439 1047 1521 atque
1071 1424 1247 1498 infensum

180 1545 247 1616 sibi
275 1542 436 1616 effecerat
469 1551 641 1634 senatum,
673 1543 734 1613 sed
762 1542 867 1614 etiam
892 1543 942 1613 ita
964 1543 1179 1615 obstinatum
1206 1568 1247 1616 00

179 1660 411 1755 pervicacem,
441 1658 601 1730 vincendi
626 1657 826 1752 cupiditate,
854 1681 930 1730 sese
953 1661 1179 1752 praestiterat,
1208 1671 1245 1734 ut

178 1775 339 1846 omnibus
352 1785 538 1869 appareret
557 1798 647 1862 eum,
670 1796 761 1844 anno
783 1775 1010 1866 magistratus
1022 1772 1165 1860 000010,
1182 1799 1245 1847 00-

177 1892 392 1963 cusationem
418 1912 640 1987 nequaquam
672 1889 828 1981 effugere
865 1915 979 1985 posse.
1012 1891 1169 1963 Primum
1200 1891 1245 1983 ad
1330 1969 1333 1975 ,
1439 1987 1443 1995 .

177 2019 338 2082 senatum
351 2010 532 2099 retulerat,
551 2032 656 2103 quum
671 2008 817 2103 pecunia
829 2009 922 2101 apud
937 2018 1137 2081 exterarum
1152 2023 1244 2103 gen-v

176 2125 264 2196 tium
284 2124 418 2216 legatos
436 2147 565 2218 magno
581 2123 703 2196 fenore
723 2125 907 2215 locaretur,
922 2149 966 2197 ne
978 2127 1115 2222 quisita
1133 2151 1243 2221 pecu—
1305 2173 1308 2178 f
1329 2109 1331 2112 ⁵

176 2241 271 2311 niam
289 2251 444 2316 mutuam
459 2241 583 2326 daret3
607 2251 654 2329 at,
676 2265 781 2337 quum
802 2243 956 2338 plerique
980 2254 1161 2316 senatores
1177 2243 1243 2314 hac

177 2378 268 2426 nova
283 2356 456 2427 sociorum
472 2366 506 2428 01
524 2356 750 2450 vectigalium
763 2359 974 2453 expilatione
988 2360 1052 2430 sibi
1070 2360 1242 2432 maximas

175 2472 316 2544 divitias
348 2473 553 2564 conflarent,
584 2475 690 2546 istam
723 2475 840 2568 legem
871 2484 1013 2550 senatus
1046 2475 1167 2570 rejecit
1202 2497 1242 2548 ac

176 2588 388 2683 repudiavit.
425 2589 501 2674 Qua
535 2591 668 2685 injuria
700 2601 891 2662 commotus
922 2591 1239 2687 inflammatusque,

174 2704 360 2776 Cornelius
383 2706 486 2801 paulo
501 2696 579 2801 post
600 2708 718 2800 legem
736 2707 985 2801 promulgavit,
1008 2708 1150 2802 nequis
1175 2707 1242 2778 nisi

173 2844 237 2915 per
255 2823 421 2915 populum
437 2821 574 2915 legibus
589 2825 796 2895 solveretur.
819 2822 925 2911 Illud,
942 2833 980 2895 ut
993 2824 1042 2894 ait
1056 2824 1239 2910 Asconius,

174 2938 317 3032 antiquo
331 2938 413 3031 jure
426 2927 501 3010 erat
516 2949 678 3030 cautum;
700 2938 762 3011 sed
774 2938 957 3033 paulatim,
974 2947 1116 3034 propter
1130 2938 1242 3032 plebis

174 3053 349 3125 inscitiam
366 3057 637 3150 optimatumque
654 3055 871 3142 aviditatem,
888 3055 1039 3150 primum
1059 3077 1110 3126 000
1130 3078 1187 3126 res
1198 3053 1242 3125 ad

173 3169 340 3265 populum
367 3169 452 3243 ferri
471 3171 669 3260 desierant;
695 3195 735 3244 ac
754 3180 930 3265 postremo
949 3195 993 3244 ne
1012 3169 1242 3264 adjiciebatur
1355 3161 1360 3170 ’

173 3286 313 3380 quidem
327 3287 363 3356 in
385 3287 422 3359 S.
446 3287 485 3358 C.
504 3288 545 3357 de
566 3288 748 3381 rogatione
763 3287 808 3360 ad
822 3288 990 3382 populum
1012 3284 1158 3358 ferenda
1172 3310 1182 3375 ;
1198 3284 1243 3356 ad

173 3399 251 3500 hpc,
269 3423 313 3470 ex
326 3402 523 3495 perpaucis,
539 3403 630 3496 apud
642 3425 741 3496 quos,
759 3412 797 3474 ut
812 3405 860 3475 011
876 3402 1067 3474 Sallustius
1078 3399 1103 3489 ¹,
1124 3423 1241 3492 regeS,

173 3517 362 3588 tetrarchae
393 3517 585 3610 vectigales
611 3529 737 3603 erant,
768 3519 844 3589 haec
874 3519 988 3588 omnia
1018 3514 1242 3611 pendebant3

174 3641 210 3702 et
236 3631 301 3702 sibi
321 3633 437 3704 odium
460 3632 733 3728 individiamque
754 3633 1072 3726 potentissimorum
1090 3632 1243 3719 civium,

174 3749 481 3841 propter'gratiam
502 3738 705 3821 eorumdem
720 3749 1009 3838 imminuendam,
1023 3749 1139 3820 statim
1162 3747 1248 3819 Cor-

172 3863 288 3934 nelius
312 3865 516 3936 concitabat.
552 3865 581 3934 li
599 3875 731 3954 autem,
763 3867 908 3954 artium,
936 3863 1059 3960 quibus
1083 3841 1268 3958 00001001Ι

171 3979 319 4050 allicere
334 4001 375 4050 ac
393 3980 543 4053 delinire
563 3981 666 4052 facile
689 3992 757 4068 est,
778 3982 996 4075 peritissimi,
1016 4003 1086 4051 non
1104 3981 1251 4051 commi·
1282 4025 1288 4036 ·

215 4231 224 4264 1
243 4227 392 4292 Conjuratio
407 4229 534 4290 Catilinae,
551 4247 572 4284 c.
586 4247 632 4284 xx.
