3024 4944
312 372 358 423 190
414 372 668 423 FRAGMENTA
691 371 931 424 ORATIONUM
953 373 1280 424 DEPERDITARUM

349 491 398 550 45.
423 493 456 551 ol.
479 489 580 572 [Quid
605 493 664 550 boc
686 499 732 550 est
753 495 910 567 portenti,
936 494 1098 569 quidhoc
1121 495 1272 569 prodipii
1294 491 1376 574 estt]

313 601 409 668 Quem
418 617 555 676 purpura
564 599 680 676 regalis
689 618 748 659 non
762 599 939 675 commovit,
950 617 1018 658 eum
1030 600 1198 658 Sardorum
1205 605 1380 659 mastrucca

310 705 459 765 mutavit?
471 703 597 785 (Isidori
609 707 759 783 Etymol,
775 707 835 766 lib,
847 707 936 782 XIX,
953 726 978 765 c.
996 707 1103 784 xxm.)

352 815 400 873 45.
424 831 450 874 e.
475 811 592 894 [Nemo
605 816 690 873 enim
703 814 785 873 adeo
802 817 914 892 hospes
932 817 968 873 in
980 815 1043 874 bac
1063 815 1146 874 urbe
1161 823 1325 888 versatur,
1342 823 1381 874 ut

308 925 565 1000 pereprinentur
582 924 655 998 ejus
673 941 772 982 aures
788 941 893 1001 neque
907 926 942 982 in
957 925 1014 982 boc
1031 932 1214 1000 pervapato
1234 924 1381 982 civitatis

308 1047 455 1088 sermone
476 1037 659 1104 uersentur,
676 1031 722 1091 M.
742 1031 908 1089 Scaurum
924 1031 1042 1090 vitrico
1061 1049 1121 1089 suo
1135 1031 1174 1091 L.
1195 1031 1293 1090 Sulla
1313 1033 1381 1088 vic-

310 1145 377 1196 tore
393 1146 425 1196 et
438 1139 595 1211 munifico
612 1139 647 1195 in
662 1141 763 1197 socios
779 1139 925 1196 uictoriae
950 1139 997 1196 ita
1019 1137 1237 1197 abstinentem
1258 1141 1379 1214 fuisse,

309 1253 347 1304 ut
364 1247 450 1304 nibil
462 1262 565 1322 neque
580 1245 702 1304 doriari
715 1247 778 1304 sibi
796 1248 937 1304 voluerit
951 1263 1056 1323 neque
1075 1246 1116 1304 ab
1137 1247 1233 1306 basta
1249 1247 1379 1306 emerit.

307 1353 378 1410 Hoc
397 1354 473 1411 aliis
492 1351 644 1410 mirabile
667 1352 817 1424 videtum·
834 1353 889 1410 ille
911 1351 1044 1428 quidem
1063 1353 1164 1411 aliter
1179 1357 1293 1427 facere
1310 1369 1382 1412 non

305 1464 425 1536 potuit,
447 1462 646 1521 Meminerat
667 1464 754 1520 enim
773 1479 806 1520 se
823 1461 896 1536 ejus
911 1479 978 1519 esse
989 1463 1110 1536 filium,
1135 1461 1194 1536 qui
1211 1463 1381 1521 senatoria

306 1571 478 1637 sententia,
495 1569 592 1644 cnjus
607 1577 679 1628 erat
693 1570 749 1627 ille
760 1569 929 1644 princeps,
942 1585 982 1626 ac
995 1574 1081 1626 nutu
1094 1584 1196 1645 prope
1207 1576 1382 1628 terrarum

304 1679 414 1736 orbem
425 1673 591 1756 rescisset]

345 1785 393 1845 45.
418 1790 445 1860 f.
471 1780 591 1864 [Quam
611 1783 648 1842 ob
673 1793 753 1859 rem,
769 1783 875 1845 Sardi
888 1785 1030 1862 venales,
1056 1782 1179 1862 impero
1199 1783 1288 1843 vobis
1311 1778 1379 1866 ut]‚

304 1895 360 1953 hoc
384 1891 505 1952 nomine
529 1891 643 1961 audito,
669 1892 748 1966 quod
773 1909 829 1967 per
846 1905 951 1948 omnes
966 1895 1074 1966 gentes
1093 1893 1296 1966 pervagatum
1317 1897 1379 1968 ost,

305 1998 500 2080 (Arusianus,
514 2017 545 2076 p.
562 1973 633 2072 Ι256,
649 1996 766 2075 Lina),
784 1998 821 2056 de
834 1995 951 2057 familia
966 1996 1064 2056 nobili
1087 1995 1148 2074 ipsi
1167 2015 1286 2073 quoque
1307 2015 1381 2058 cum

304 2107 387 2167 orbis
401 2113 557 2166 terrarum
576 2104 757 2166 auctoritate
778 2104 929 2165 sentiatis.
947 2102 1143 2184 (Ammianus
1157 2102 1376 2179 Marcellinus,

303 2211 357 2273 uu.
375 2211 480 2282 xxti,
497 2230 524 2270 ο.
542 2209 611 2288 xv.)

343 2317 392 2377 45.
415 2337 449 2394 p.
471 2311 582 2398 [Nunc
600 2317 648 2376 M.
673 2317 835 2386 Scaurus,
861 2315 1015 2393 squalore
1037 2316 1204 2390 sordidus,
1228 2315 1379 2375 lacrimis

303 2441 341 2485 ac
364 2443 500 2485 maerore
518 2425 683 2500 perditur,
704 2434 808 2484 aester
827 2435 875 2484 est
895 2426 1048 2501 supplere,
1068 2425 1211 2500 judices,
1231 2433 1380 2485 uestram

301 2535 403 2608 fidem
425 2535 617 2607 obtestatur,
641 2533 904 2591 misericordiam
926 2533 1091 2608 implorat,
1109 2537 1251 2591 vestram
1263 2540 1380 2608 potes-

303 2649 402 2699 tatem
411 2659 451 2700 ae
461 2646 586 2698 uestras
598 2657 673 2715 opes
688 2641 851 2700 intuetur.
862 2640 984 2710 Nolite,
995 2657 1057 2716 per
1067 2641 1144 2699 deos
1159 2641 1375 2711 immortales,

295 2747 440 2826 judices,
463 2749 654 2825 permittere
681 2754 721 2806 ut
743 2750 783 2808 ab
806 2749 928 2825 ipnotis
953 2749 1094 2823 testibus,
1120 2749 1159 2808 ab
1186 2748 1377 2807 bominibus

303 2853 464 2932 barbaris,
482 2856 562 2915 ciris
576 2875 616 2914 ae
630 2856 769 2932 suppleat
787 2863 889 2915 vester
903 2874 971 2915 non
985 2857 1091 2914 solnm
1107 2857 1291 2932 consulatu,
1309 2873 1375 2932 quo

301 2975 334 3020 se
357 2963 571 3021 honestiorem
593 2966 666 3037 fore
687 2963 827 3036 putavit,
852 2968 998 3020 aeterum
1026 2961 1126 3019 etiam
1151 2963 1267 3020 ceteris
1296 2969 1376 3021 ante

299 3071 408 3144 partis
430 3070 650 3128 honestatibus
669 3076 768 3146 atque
788 3070 880 3126 omni
898 3069 1059 3145 dignitate
1077 3073 1282 3146 fortunaque
1297 3069 1374 3146 pri-

302 3185 408 3236 oetur.
424 3176 535 3252 Atque
548 3178 596 3235 ita
606 3195 660 3234 uos
675 3177 838 3250 Scaurus,
847 3175 994 3251 judices,
1010 3183 1194 3252 oratatque
1208 3175 1369 3253 obsecrat,

301 3285 330 3341 si
346 3283 469 3359 injuste
490 3286 650 3344 neminem
666 3285 759 3360 laesit,
784 3285 814 3342 si
832 3285 958 3344 nullius
981 3301 1081 3343 aures
1099 3286 1372 3361 voluntatemque

301 3393 447 3461 violavit,
474 3391 504 3450 si
527 3391 653 3451 nemini
672 3392 725 3468 (ut
746 3393 905 3450 levissime
925 3391 1047 3470 dicam)
1066 3393 1140 3453 odio
1161 3393 1241 3470 suit.
1266 3393 1373 3454 Semel

302 3503 432 3558 tantum
445 3499 504 3558 bas
511 3507 625 3574 partes
636 3500 745 3575 pietas
758 3501 790 3558 ei
804 3496 986 3579 imposuit]

340 3607 389 3665 45.
413 3607 445 3668 b.
474 3606 566 3682 Nam,
588 3624 745 3688 quumlex
772 3607 878 3666 multis
905 3627 985 3668 unus
1010 3605 1038 3666 ei
1062 3612 1195 3667 restaret
1209 3607 1371 3668 Dolabella

300 3719 445 3787 paternus
467 3711 622 3788 inimicus,
643 3713 694 3788 qui
709 3731 778 3772 cum
790 3714 827 3784 Q.
850 3715 990 3792 Gaepione
1005 3715 1177 3792 propinquo
1191 3731 1246 3773 suo
1261 3719 1370 3774 contra

210 3813 212 3820 ’
301 3820 448 3878 Scaurum
460 3824 578 3894 patrem
586 3836 675 3878 suum
685 3817 902 3895 obsignaverat
910 3819 1042 3890 litteras,
1056 3838 1108 3879 cas
1120 3817 1179 3878 sibi
1188 3818 1369 3881 inimicitias

300 3948 358 3989 non
373 3932 540 4003 susceptas,
559 3927 612 3986 sed
631 3926 756 3986 relictas
773 3924 953 4004 (Asconius)
967 3924 1118 4007 [pietatis
1130 3943 1233 3985 causa
1250 3944 1370 4002 peren-

300 4041 360 4099 das
380 4056 446 4098 esse
468 4035 710 4111 arbitrabatur,
738 4038 913 4094 aemulatus
927 4037 975 4098 M.
992 4042 1024 4093 et
1044 4035 1081 4096 L.
1103 4036 1275 4108 Lucullos,
1294 4035 1366 4110 qui,

297 4149 374 4223 pari
392 4145 514 4220 pietate
536 4150 566 4200 et
588 4143 754 4200 industria
774 4143 920 4218 praediti,
943 4144 1123 4200 admodum
1146 4141 1366 4200 adolescentes

294 4261 452 4326 paternas
464 4249 658 4306 iar'rm'citias
674 4267 793 4324 rnapna
809 4267 882 4306 cum
894 4249 1005 4324 picria
1019 4254 1162 4324 fuerunt
1170 4243 1364 4326 persecuti]
