3070 4950
314 417 347 470 sa
438 420 486 470 ou
507 417 721 472 crosnours
743 422 986 474 onn'rrouuu
1007 388 1274 477 rnnousurr's

316 550 350 612 ct
368 541 538 614 instructa
557 544 737 616 sententiis
750 544 811 614 sed
825 545 930 616 etiarn
945 567 1130 629 causarum
1146 549 1288 641 propria
1305 572 1383 622 esse

316 661 488 749 debeant;
504 669 610 754 quum
627 659 759 754 impelli
777 661 946 756 principio
958 662 1114 755 judicem
1131 663 1255 735 leviter
1274 689 1380 760 opor-

316 789 399 868 teat,
425 780 478 851 vel
501 778 759 874 permulcendo,
781 780 837 849 vel
861 778 1061 865 alliciendo,
1089 779 1146 850 vel
1179 782 1380 875 occupando

316 898 483 985 animum,
505 898 554 969 ita
574 906 612 968 ut
631 897 705 990 jam
728 895 896 968 inclinata
911 896 1045 989 reliqua
1060 896 1239 968 incumbat
1256 899 1378 988 oratic,

315 1016 420 1108 longo
448 1013 616 1109 proaemio
639 1014 741 1084 officii
766 1012 846 1084 sui¹
867 1016 1110 1085 necessitatem
1130 1012 1250 1084 Cicero
1270 1038 1382 1086 excu-

316 1133 429 1222 sabat,
453 1155 497 1203 ne
516 1130 669 1202 studium
687 1127 900 1203 defensionis
915 1130 959 1202 ab
977 1131 1236 1203 accusatoribus
1254 1154 1379 1225 repre-

316 1248 545 1320 henderetur.
564 1249 650 1332 Quis
667 1249 766 1319 istius
783 1246 1001 1343 praefationis
1020 1245 1126 1319 fuerit
1138 1247 1234 1318 color
1248 1255 1282 1343 et
1296 1248 1382 1318 Mu-

317 1387 413 1436 renae
427 1363 599 1452 defensio,
617 1365 654 1435 in
675 1388 743 1459 qua
756 1374 876 1437 noster
895 1389 965 1436 non
980 1363 1110 1436 oblitus
1132 1372 1184 1435 est
1204 1386 1242 1435 se
1261 1373 1382 1436 contra

316 1481 417 1552 amici
431 1481 583 1553 studium
602 1505 665 1575 pro
684 1482 786 1552 amici
801 1481 957 1576 periculo
967 1481 1095 1569 dicere,
1108 1488 1141 1552 et
1160 1504 1223 1574 pro
1235 1479 1381 1551 Plancio

316 1598 427 1670 oratio
440 1605 561 1669 contra
581 1598 819 1684 Laterensem,
834 1622 913 1669 cum
931 1621 997 1692 quo
1013 1597 1088 1691 jam
1111 1596 1170 1667 diu
1186 1605 1262 1668 erat
1278 1596 1380 1669 Cice-

317 1715 395 1785 roni
413 1720 547 1784 certum
561 1711 723 1783 amicitiae
739 1713 1003 1802 vinculum,nos
1021 1714 1161 1806 abunde
1176 1716 1301 1788 docere
1316 1736 1359 1807 po
1375 1759 1382 1766 -

318 1838 408 1913 test;
430 1854 505 1902 eam
527 1839 644 1903 autern
663 1855 704 1903 eo
719 1832 833 1924 magis
843 1831 1096 1920 desideramus,
1119 1831 1209 1927 quod
1221 1833 1257 1901 in
1276 1831 1385 1902 Insti-

319 1947 451 2018 tutione
461 1947 614 2019 oratoria
631 1971 709 2019 oum
720 1947 869 2043 quadam
884 1948 986 2020 laude
999 1947 1168 2043 probatur
1182 1957 1216 2019 et
1231 1947 1383 2042 discipu-

317 2063 363 2134 lis
384 2064 645 2134 commendatur
671 2059 697 2135 ².
730 2066 960 2160 Posteaquam
990 2064 1038 2135 ita
1059 2064 1219 2158 judicum
1253 2071 1384 2134 mentes

317 2189 592 2276 praeparaverat,
615 2181 733 2253 statim
748 2181 793 2253 ad
807 2181 854 2271 id,
877 2181 968 2276 quod
983 2190 1086 2276 caput
1106 2191 1183 2253 erat
1200 2181 1380 2266 orationis,

320 2295 511 2368 veniebat:
545 2295 658 2368 scibat
683 2298 776 2368 enim
803 2322 861 2370 res
884 2298 949 2371 hoc
978 2298 1171 2394 postulare,
1201 2308 1384 2371 uteorum

320 2414 583 2506 exspectationi,
596 2415 652 2508 qui
673 2413 832 2506 audiunt,
847 2437 952 2510 quam
966 2414 1153 2487 celerrime
1166 2423 1382 2502 occurratur,

319 2553 364 2598 ne
384 2529 493 2599 multo
517 2528 597 2622 plns
614 2530 658 2601 sit
680 2529 716 2600 in
737 2529 873 2625 reliqua
891 2553 997 2603 causa
1017 2531 1260 2603 laborandum.
1281 2529 1385 2625 Obji-

318 2642 474 2715 ciebatur
497 2652 614 2716 autern
633 2645 744 2738 Oppio
761 2646 853 2738 quod
867 2647 910 2717 de
930 2645 1079 2716 militurn
1100 2646 1243 2716 cibariis
1258 2645 1381 2716 detra-

319 2756 446 2849 xisset3
482 2782 624 2847 verum,
659 2761 819 2854 quamvis
856 2768 948 2832 esset
974 2784 1139 2855 asperum
1172 2761 1327 2849 crimen,
1351 2761 1385 2830 id

319 2875 533 2946 contrarium
561 2875 745 2948 ostendere
767 2875 889 2947 Cicero
922 2899 993 2947 non
1021 2884 1188 2968 gravatus
1216 2886 1281 2966 est,
1305 2876 1385 2970 quia

319 2989 424 3060 iidem
450 3000 670 3063 accusatores
693 2991 845 3086 Oppium
872 2992 1181 3078 insimulaverant,
1208 2991 1298 3087 quod
1326 2989 1386 3061 is³

320 3105 490 3178 voluisset
507 3107 699 3178 exercitum
726 3107 911 3199 largiendo
932 3130 1168 3201 corrumpere.
1188 3108 1275 3191 Quae
1305 3108 1387 3202 qui-

319 3223 412 3313 dem,
442 3223 517 3298 sine
545 3222 661 3312 dubio,
692 3226 863 3316 graviter,
890 3223 990 3293 varie
1018 3232 1122 3317 atquc
1146 3222 1253 3294 etiam
1275 3220 1388 3295 facete

321 3338 517 3433 exponebat
541 3338 825 3434 explicabatque3
850 3339 912 3411 sed
934 3363 978 3411 ex
999 3339 1067 3411 bac
1093 3340 1264 3411 orationis
1289 3350 1389 3433 parte

322 3453 421 3525 nulla
443 3462 645 3548 supersunt,
668 3477 709 3526 ac
728 3456 930 3549 conjectura
944 3464 978 3527 et
996 3455 1267 3548 comparatione,
1289 3462 1327 3526 nt
1344 3454 1388 3525 de

321 3594 363 3642 ea
376 3571 588 3665 judicemus,
613 3594 677 3644 nos
695 3582 837 3644 utamur
851 3579 1000 3664 oportet.
1022 3569 1066 3642 At
1086 3593 1157 3642 non
1178 3569 1294 3640 solum
1309 3593 1388 3642 ma-

316 3687 456 3778 jestatis
474 3686 606 3757 crimen
628 3685 766 3757 diluere
789 3694 893 3781 atque
914 3686 1030 3757 omnia
1055 3682 1145 3757 salsa
1164 3685 1389 3780 maligneque

321 3799 401 3872 ficta
431 3800 614 3872 ostendere
643 3800 809 3893 debebat;
833 3801 976 3873 insidias
1009 3802 1125 3888 etiarn,
1148 3822 1234 3894 quas
1259 3801 1390 3895 Oppius

323 3914 433 3987 Cottae
453 3913 575 3987 fecisse
589 3919 821 4010 arguebatur,
838 3917 985 4011 pnrgari
1005 3923 1080 3988 erat
1097 3938 1252 3988 necesse.
1272 3915 1311 3985 ln
1324 3915 1389 3986 hoc

354 4150 364 4184 ¹
380 4147 559 4208 Quintilianus,
575 4150 619 4200 lib.
635 4151 680 4209 XI,
693 4167 717 4201 c.
732 4165 749 4200 r.

353 4228 366 4263 2
380 4227 560 4291 Quintilianus,
574 4230 619 4282 lib.
633 4231 677 4290 Xl,
689 4246 712 4279 c.
729 4245 745 4280 r.

354 4309 365 4345 ³
379 4308 557 4370 Quintilianus,
571 4310 618 4362 lib.
634 4311 668 4372 V,
680 4327 703 4363 c.
719 4327 773 4362 xnr.
