3070 4950
440 399 591 449 enarro
612 400 690 448 rao
711 399 745 448 c,
767 394 984 448 conuento.
1005 391 1014 440 1
1227 387 1256 438 aa
1283 354 1287 359 ’

186 521 325 612 Optimo
361 521 516 590 Maximo
542 520 735 613 ceterisque
769 518 838 586 diis
862 515 1061 607 deabusque
1096 509 1258 582 omnibus

186 659 286 730 opem
303 644 336 705 et
356 635 526 706 auxilium
539 647 713 729 petamus.
733 660 751 702 u
773 635 962 726 Postquam
986 651 1025 698 eo
1047 627 1148 698 modo
1172 650 1235 721 per

188 751 358 822 mulserat
377 774 417 822 ac
435 751 561 822 leviter
579 751 764 844 impulerat
779 749 935 843 judicum
951 745 1099 830 animoa,
1117 766 1256 815 causam

187 889 362 960 exponere
383 887 483 936 suam
498 865 686 960 incipiebat
703 889 711 953 3
738 886 863 935 verum
875 884 945 931 non
966 882 1043 930 earn
1057 857 1247 954 dispositio·

187 1005 282 1071 nem,
306 1002 407 1074 quam
436 980 604 1053 afferebat
628 1005 748 1053 rerum
777 990 812 1052 et
837 990 1033 1073 temporum
1066 977 1165 1063 orde,
1196 976 1258 1048 sed

187 1095 296 1182 illam,
326 1121 370 1168 ex
401 1097 574 1168 Marciani
607 1097 760 1190 (lapella³
785 1095 982 1167 testimonio
1006 1093 1031 1180 ¹,
1053 1092 1255 1178 adhibebat,

187 1233 264 1305 quae
286 1211 478 1284 artificialis
496 1214 630 1307 judicie
647 1223 681 1285 et
701 1205 887 1307 prudentia
900 1212 1052 1282 oratoris
1073 1232 1257 1304 compara-

189 1337 259 1398 tur.
276 1328 415 1399 Etenim
435 1353 505 1400 non
521 1330 732 1423 gravissima
749 1331 903 1423 primurn
919 1305 1120 1414 emoverat,
1139 1333 1174 1395 at
1194 1347 1258 1394 an-

187 1454 246 1516 tea
261 1446 420 1536 crimina,
441 1469 521 1540 quae
534 1457 648 1518 secuta
665 1456 747 1518 sunt
769 1445 1000 1536 tribunatum,
1024 1441 1253 1527 refutaverat,

158 1631 161 1638 .
187 1569 379 1655 posteaque
400 1562 445 1631 ad
462 1562 574 1655 ipsum
595 1563 812 1636 tribunatum
832 1565 1041 1632 reverterat.
1062 1556 1196 1625 Verum
1215 1576 1257 1622 ex

189 1677 252 1748 illa
270 1679 436 1750 orationis
454 1690 556 1773 parte
582 1679 724 1750 minima
747 1685 954 1771 supersunt3
975 1696 1069 1758 nam,
1100 1672 1129 1742 si
1146 1669 1255 1752 Quin·

187 1793 313 1864 tiliano
332 1796 530 1884 credamne,
542 1793 813 1889 praefationeuti
832 1786 1028 1878 debuerat²‚
1040 1811 1085 1859 ne
1098 1787 1147 1873 id,
1165 1784 1257 1879 quod

188 1934 259 1980 non
274 1911 371 1981 initio
387 1911 555 2001 diluebat,
578 1914 701 1982 timere
718 1910 909 1982 rideretur.
932 1906 1098 1996 Adhanc,
1117 1927 1161 1974 ex
1178 1925 1258 1971 om-

185 2029 283 2098 nium
297 2030 480 2115 sententia,
493 2029 558 2099 hoc
571 2029 723 2122 primum
736 2027 779 2098 ab
794 2026 944 2100 Asconio
955 2031 1133 2096 servatum
1141 2017 1255 2113 perti-

186 2151 274 2213 net:
300 2169 317 2210 u
340 2143 544 2214 Postulatur
570 2169 625 2216 me
646 2154 811 2238 praetore,
833 2152 898 2215 ete.
922 2166 940 2210 u
966 2141 1042 2227 Ast,
1069 2145 1256 2230 antequam

187 2259 280 2329 circa
293 2259 408 2330 omnia
424 2271 599 2334 momenta
608 2261 816 2346 luctaretur,
829 2259 1022 2330 mirabatur
1036 2251 1256 2346 Ciceroquod

188 2374 366 2446 Cominius
378 2375 422 2446 ab
438 2377 660 2448 accusatione
674 2375 778 2446 hodie
795 2399 866 2446 non
880 2374 1088 2457 desisterem
1110 2379 1156 2454 et,
1175 2371 1257 2464 quia

187 2491 429 2585 exemplorum
442 2491 592 2586 prolatio
613 2515 750 2564 summa
774 2488 1097 2562 eumdeleetatione
1115 2495 1151 2558 et
1170 2509 1255 2556 auc—

186 2606 364 2679 toritatem
379 2607 529 2679 orationi
544 2608 644 2681 affert
661 2616 696 2680 et
714 2608 829 2699 fidem,
843 2605 1108 2678 celeberrimam
1122 2600 1255 2674 Metelli

185 2746 227 2794 ac
242 2723 403 2795 Curionis
422 2726 680 2796 contentionem
695 2724 813 2796 verbis
828 2720 1027 2816 magnificis
1044 2741 1256 2789 commemo-

188 2839 302 2909 rabat.
324 2838 415 2909 Tum
435 2841 695 2914 varia-crimina
715 2839 896 2912 refellebat
910 2838 1010 2908 modo
1029 2836 1128 2906 brevi
1143 2855 1255 2923 argn-

187 2956 399 3026 mentatione
410 2981 481 3027 non
493 2960 569 3029 sine
586 2958 759 3050 dignitate
777 2966 812 3028 et
830 2980 909 3026 cum
928 2954 1048 3047 lepore
1063 2960 1100 3022 ut
1119 2950 1156 3019 in
1166 2949 1251 3023 hoc:

188 3095 207 3139 u
227 3072 369 3163 Legem,
388 3072 515 3167 inquit,
537 3073 580 3144 de
603 3073 862 3162 libertinorum,
886 3081 971 3154 etc,
995 3094 1013 3138 u
1035 3067 1135 3138 modo
1150 3086 1254 3159 pers-

186 3187 288 3279 picua
318 3189 542 3276 narratione,
576 3213 655 3284 quae
689 3188 807 3260 verbis
832 3188 968 3259 usitatis
999 3196 1104 3282 atque
1132 3181 1255 3255 ordine

186 3311 382 3396 temporum
400 3314 607 3375 conservato
626 3329 697 3375 non
717 3304 937 3401 displicebat,
954 3327 1061 3398 quum
1075 3300 1119 3372 de
1138 3297 1256 3369 tribu·
1341 3308 1345 3313 “
1400 3305 1403 3309 ’

186 3427 273 3488 natu
294 3417 431 3489 Manilii
459 3429 493 3490 et
522 3419 725 3492 defensione
745 3431 806 3492 aut
831 3421 874 3492 de
901 3418 1096 3490 disturbato
1123 3416 1254 3511 judicio

186 3532 383 3605 Maniliano
397 3535 543 3608 diceret.
561 3536 636 3620 Quo
654 3537 691 3606 in
705 3537 781 3607 loco
797 3537 872 3607 sine
888 3536 1008 3622 dubio,
1025 3535 1054 3605 si
1068 3531 1254 3604 Manilium

154 3735 156 3740 Ι
187 3648 367 3719 tribunum
380 3650 492 3743 plebis
511 3651 601 3723 hanc
618 3652 734 3745 legem
749 3653 883 3739 tulisse,
894 3674 961 3746 qua
971 3650 1099 3722 bellum
1113 3647 1255 3720 Mithri-

185 3765 339 3835 daticum
359 3765 523 3859 Pompeio
543 3769 818 3840 committeretur
832 3766 1163 3854 administrandum,
1177 3787 1254 3836 me·

186 3883 405 3967 minerimuS,
422 3892 459 3954 ut
478 3884 594 3978 populi
613 3907 717 3955 aures
740 3884 928 3956 delectaret
951 3893 983 3954 et
1011 3882 1120 3954 semel
1134 3891 1252 3978 postea

218 4175 225 4208 ¹
244 4173 387 4223 Marcianus
401 4135 512 4240 Capdllu,
525 4178 556 4224 de
568 4177 716 4228 Rhetorica.
731 4193 755 4240 p.
771 4176 825 4226 4211.

217 4251 227 4285 ²
242 4250 423 4315 Quintilianus,
439 4256 483 4305 lib.
500 4255 558 4313 vu,
574 4271 596 4309 e.
613 4272 629 4308 1.
