3024 4944
278 403 324 456 132
380 401 636 455 FRAGMENTA
659 405 898 458 ORATIONUM
919 407 1250 463 uurunntrauuu

278 525 368 584 iltius
391 525 540 600 lenitatis
562 542 652 598 mese,
671 543 737 604 qua
758 543 837 585 neus
861 529 975 603 priore
998 529 1129 588 actione
1157 531 1306 588 animum
1330 549 1352 589 a

278 633 426 709 tredendo
450 649 642 692 revocarem
658 633 728 709 ipse
742 641 773 692 et
794 637 1001 710 reflecterent,
1020 644 1058 694 ut
1078 654 1146 695 note
1160 636 1260 695 minus
1276 636 1351 696 dili·

277 743 386 815 genter
410 737 495 796 illius
516 737 785 814 existimationem,
812 757 901 816 quam
928 758 993 801 rem
1022 742 1066 803 M.
1098 741 1197 801 Tullii
1224 742 1352 803 viderer

276 844 449 906 defendere.
470 845 571 922 Nunc,
589 847 730 922 quoniam
749 848 893 918 Quintius
908 848 946 908 ad
972 865 1098 908 causam
1119 849 1276 927 pertinere
1290 869 1353 926 pu-

277 952 356 1013 tavit
370 969 420 1013 res
435 951 478 1013 ita
493 953 616 1020 multas,
633 953 728 1012 falsas
744 955 916 1032 praesertim
932 961 962 1014 et
977 956 1082 1032 inique
1097 956 1256 1033 confictas,
1273 974 1351 1033 pro·

276 1059 359 1121 serre
372 1061 409 1120 de
424 1061 488 1120 vita
502 1066 533 1120 et
544 1049 681 1122 moribus
701 1069 731 1121 et
752 1063 979 1124 existimatione
1000 1065 1043 1124 M.
1066 1063 1174 1140 Tullii,
1190 1059 1298 1124 multis
1312 1065 1352 1123 de

277 1171 378 1230 causis
393 1169 469 1230 mihi
483 1171 596 1231 Fabius
612 1171 734 1232 debebit
744 1172 915 1250 ignoscere,
933 1172 959 1232 si
973 1172 1075 1232 miuus
1090 1175 1157 1251 ejus
1168 1172 1262 1278 gamae
1274 1190 1350 1250 par-

277 1293 347 1338 cere
362 1276 490 1340 videbor
508 1294 598 1354 quam
613 1284 701 1338 antea
716 1280 867 1341 consului.

316 1387 345 1446 4.
358 1385 471 1446 Priore
487 1385 496 1421 ¹
516 1389 645 1448 actione
659 1407 768 1448 omnes
781 1392 913 1450 aculeos
926 1391 1087 1450 erationis
1101 1407 1180 1448 mete
1191 1391 1334 1448 recondi
1337 1423 1351 1434 ·

278 1505 326 1554 tos
354 1495 456 1554 habui
478 1515 489 1551 .·
515 1496 573 1553 sed
601 1497 758 1571 quoniam
788 1500 857 1573 ipse
884 1499 1035 1562 Quintius
1066 1499 1102 1555 in
1131 1497 1262 1556 actione
1287 1499 1351 1555 illa

273 1603 385 1678 priore
398 1599 519 1678 putavit
533 1599 571 1658 ad
586 1599 719 1660 officium
735 1619 824 1661 suum
838 1603 994 1679 pertinere
1009 1602 1188 1661 adversario
1210 1601 1294 1660 nulla
1318 1603 1351 1661 in

276 1724 311 1766 re
324 1722 468 1782 parcere:
484 1703 556 1780 quid
572 1721 619 1764 me
629 1712 749 1782 oportet
764 1707 900 1766 Tullium
916 1691 972 1784 pro
984 1705 1086 1766 Tullio
1101 1705 1213 1781 iacere,
1226 1705 1351 1764 bomine

276 1815 437 1890 conjuncto
465 1831 583 1872 mecum
606 1831 664 1872 non
686 1813 787 1874 minus
807 1813 907 1874 animo
928 1831 1017 1889 quam
1041 1811 1181 1871 nominet
1204 1813 1251 1869 Ac
1271 1811 1350 1870 mihi

275 1918 373 1995 magis
388 1917 466 1978 illud
480 1918 682 1978 laborandum
697 1920 832 1994 videtur,
848 1921 1084 1997 reciperatores,
1099 1926 1143 1989 ut,
1161 1919 1241 1995 quod
1255 1924 1348 1978 antea

276 2027 354 2086 nihil
375 2026 406 2084 in
430 2025 524 2085 istum
545 2025 621 2102 dixi,
639 2029 769 2103 probare
783 2027 910 2104 possim,
928 2045 1018 2104 quam
1031 2026 1063 2084 in
1079 2045 1114 2084 eo
1135 2026 1349 2103 reprehendar

237 2151 241 2160 “
277 2133 357 2212 quod
372 2133 429 2193 hoe
442 2139 581 2210 tempore
595 2135 776 2211 respondeo.

314 2242 345 2302 5.
368 2241 487 2301 Verum
506 2246 536 2300 et
553 2248 619 2301 tum
632 2241 664 2302 id
677 2242 736 2302 ieci
751 2244 830 2318 quod
841 2244 988 2321 oportuit,
1002 2217 1035 2303 et
1050 2262 1129 2303 nunc
1140 2242 1251 2302 faciam
1265 2246 1347 2318 quod

276 2365 400 2407 necesse
419 2354 477 2408 est.
497 2349 587 2418 Nam,
612 2367 703 2423 quum
724 2355 806 2408 esset
820 2350 857 2408 de
877 2367 911 2408 rc
926 2349 1104 2425 pecuniaria
1120 2348 1345 2421 controversia,

275 2453 355 2531 quod
369 2453 511 2512 damnum
522 2454 626 2512 datum
641 2455 683 2512 M.
699 2454 802 2514 Tullio
812 2455 994 2524 diceremus,
1010 2454 1142 2514 alienum
1157 2471 1223 2512 mea
1235 2459 1347 2512 natura

274 2551 438 2610 videbatur
459 2551 622 2627 quidquam
648 2552 686 2611 de
713 2552 941 2612 existimatione
967 2553 1005 2612 P.
1033 2551 1123 2611 Fabii
1145 2552 1259 2625 dicere,
1284 2570 1346 2610 non

169 2719 171 2726 Α
275 2657 347 2734 quia
359 2675 409 2718 res
424 2658 582 2735 postulare
602 2674 660 2716 non
676 2659 847 2718 videretur.
863 2658 943 2728 Quid
959 2675 1033 2734 ergo
1044 2659 1109 2717 esti
1122 2658 1257 2716 Tametsi
1272 2675 1347 2734 pos-

274 2770 354 2830 tulat
375 2789 483 2846 causa,
506 2775 622 2838 tamen,
643 2767 703 2828 nisi
724 2769 813 2845 plane
828 2767 911 2843 cogit
925 2767 1083 2844 ingratiis,
1106 2769 1142 2827 ad
1159 2768 1346 2827 maledicen-

274 2882 345 2940 dum
361 2899 419 2938 non
433 2878 515 2938 solco
531 2878 726 2938 descendere.
744 2875 845 2944 Nunc,
864 2893 957 2951 quum
971 2880 1095 2934 coactus
1107 2877 1217 2952 dicam,
1230 2876 1257 2934 si
1272 2877 1345 2952 quid

274 2989 352 3048 sorte
376 2987 492 3057 dicam,
522 2991 622 3044 tamen
648 2983 802 3060 idipsum
824 2984 998 3042 verecunde
1021 2983 1198 3058 modiceque
1220 2983 1343 3059 faciam,

274 3101 391 3154 tantum
406 3101 450 3169 ut,
467 3093 608 3168 quoniam
632 3091 691 3151 sibi
712 3107 759 3149 me
784 3109 843 3148 non
861 3108 929 3150 esse
948 3091 1105 3150 inimicum
1125 3092 1224 3168 potuit
1239 3093 1345 3169 priore

273 3202 392 3262 actione
412 3201 527 3261 Fabius
547 3199 698 3279 judicare,
722 3217 802 3258 nunc
824 3199 867 3258 M.
896 3185 998 3258 Tullio
1020 3199 1141 3259 fidelem
1165 3205 1345 3277 certumque

274 3311 403 3370 amicum
419 3327 487 3370 esse
504 3314 677 3390 cognoseat.

312 3419 342 3478 6.
366 3420 468 3478 Unum
482 3419 540 3476 hcc
560 3417 613 3475 abs
628 3423 668 3489 te,
690 3417 726 3475 L.
751 3393 869 3489 Quinti,
892 3415 1043 3491 pervelim
1062 3415 1230 3494 impetrare
1248 3413 1343 3492 (quod

273 3525 395 3586 tametsi
408 3545 443 3585 eo
458 3525 528 3584 volo
549 3523 619 3599 quia
633 3521 708 3580 mihi
723 3522 800 3582 utile
818 3527 876 3596 est,
901 3527 1002 3580 tamen
1023 3523 1122 3580 abste
1141 3521 1256 3579 idcirco
1272 3521 1344 3596 quia

272 3649 392 3710 aequum
405 3637 452 3691 est
466 3627 611 3709 postulo),
629 3635 661 3687 ut
680 3628 724 3686 ita
738 3628 793 3686 tibi
812 3629 941 3688 multum
959 3629 1107 3704 temporis
1123 3629 1161 3686 ad
1177 3629 1342 3686 dicendum

273 3758 387 3809 sumas,
407 3745 438 3797 ut
454 3739 500 3796 his
516 3737 631 3812 aliquid
648 3735 899 3814 adjudicandum
913 3735 1081 3810 relinquas.
1098 3735 1237 3810 Namque
1251 3740 1341 3795 antea

273 3867 332 3908 non
351 3845 536 3906 defensionis
555 3849 616 3903 tuee
630 3844 749 3914 modus,
767 3843 820 3902 sed
839 3860 900 3900 nox
920 3843 977 3901 tibi
995 3842 1086 3902 finem
1111 3841 1232 3900 dicendi
1255 3842 1340 3901 iecit.

272 3960 373 4032 Nunc,
395 3952 421 4013 ai
441 3951 498 4012 tibi
513 3953 634 4030 placere
647 3958 759 4030 potest,
784 3970 822 4010 ne
842 3951 923 4010 idem
936 3949 1031 4010 iacias
1046 3950 1077 4008 id
1092 3952 1146 4009 abs
1159 3959 1189 4008 te
1202 3951 1338 4026 postulo.

243 4215 247 4224 '
300 4217 307 4250 t
326 4215 417 4258 Primus
435 4213 484 4257 hoeo
499 4212 628 4267 fragmenta
643 4216 669 4260 ss
679 4211 731 4254 t-et
749 4221 816 4254 ...ore
831 4212 930 4262 putavit
942 4229 964 4239 ν
981 4201 1055 4264 quum
1065 4207 1137 4250 amici
1154 4208 1181 4249 tn
1196 4215 1296 4249 comm...
1310 4215 1340 4248 ex

272 4287 423 4346 Palimpsesto
438 4285 591 4332 Ambrosiano
603 4281 692 4340 Angelc
704 4281 750 4324 Mai
760 4277 841 4324 edidit.
930 4289 932 4293 ’
