3024 4944
299 369 343 419 151
400 368 649 419 FRAGMENTA
672 369 913 420 ORATIONUM
937 367 1264 418 DEPERDITARUM

339 485 386 547 18.
410 489 452 547 At
464 487 544 546 enim
558 487 594 546 de
605 487 789 565 corrigenda
802 487 871 563 lege
887 487 1070 546 retulerunt.
1083 483 1145 564 (111
1159 485 1207 545 ed.
1226 485 1300 563 Or.)

339 594 387 656 19.
412 596 552 672 Coeptum
573 595 669 672 igitur
690 613 744 672 per
766 611 829 667 111,
846 593 897 670 qui
922 593 972 669 agi
990 592 1146 662 volebant,
1171 593 1305 652 desitum
1323 598 1376 651 est

298 719 352 779 per
367 702 511 778 huncqui
526 701 668 761 decessit.
692 699 822 781 (Prisc,
838 700 891 759 lib.
910 701 952 776 X,
970 717 997 759 c.
1014 698 1088 776 vn.)

338 809 387 871 20.
413 809 592 869 Circumitis
602 808 725 878 rostris,
737 807 1083 886 ejicerenturlapidibus
1093 807 1242 868 homines.
1258 807 1374 888 (Idem,

298 916 352 978 lib.
370 916 458 989 VIII,
475 935 501 976 c.
518 913 589 994 xv.)

338 1023 387 1083 21.
412 1023 518 1098 Iidem,
535 1021 670 1081 nisihaec
684 1021 751 1099 ipsa
762 1009 824 1090 len,
841 1041 930 1098 quam
946 1022 978 1082 (1.
996 1021 1157 1082 Cornelius
1172 1021 1255 1090 tulit,
1272 1019 1379 1080 obsti-

297 1131 398 1206 tisset,
421 1128 631 1188 decrevissent
652 1127 694 1206 id,
714 1117 794 1204 quod
807 1130 919 1205 ¹palam
938 1131 1004 1206 jam
1022 1128 1077 1187 isti
1096 1127 1273 1188 defensores
1285 1129 1378 1206 jndi-

297 1237 415 1296 ciorum
426 1241 652 1312 pugnaverunt‚
668 1236 787 1294 senatui
801 1255 861 1294 non
875 1237 996 1313 placere
1010 1236 1041 1294 id
1052 1235 1204 1314 judicium
1219 1236 1256 1293 de
1272 1235 1378 1294 Sullae

298 1343 386 1402 bonis
400 1341 478 1402 fieri.
499 1343 596 1412 Quam
616 1359 672 1418 ego
689 1360 811 1401 cansam
830 1343 921 1420 longe
935 1343 1026 1401 aliter
1043 1347 1158 1418 praetor
1176 1340 1378 1399 inconcione

298 1449 430 1524 defendi,
440 1466 533 1525 quum
545 1448 578 1507 id
589 1437 734 1525 dicerem,
749 1450 827 1524 quod
843 1449 923 1507 idem
933 1448 1052 1527 judices
1064 1453 1167 1526 postea
1179 1453 1375 1522 statuerunt,

294 1555 445 1633 judicium
460 1554 593 1632 aequiore
606 1561 744 1632 tempore
757 1555 826 1614 fieri
838 1561 989 1632 oportere.
1005 1551 1068 1635 (Ex
1079 1555 1127 1616 ed.
1144 1552 1214 1630 Or.)

337 1665 388 1725 22.
412 1664 544 1723 Statim.
577 1665 677 1722 Antea
703 1643 903 1738 veroquam
929 1662 1097 1721 multarum
1124 1678 1228 1720 rerum
1249 1660 1379 1738 judicia

299 1772 420 1831 sublata
440 1769 512 1844 sint,
529 1775 560 1828 11
574 1769 644 1844 quia
659 1769 758 1845 scitis,
775 1775 936 1846 praetereo,
957 1774 988 1828 11
1009 1786 1151 1844 nequem
1171 1767 1202 1826 in
1212 1767 1375 1845 judicium

298 1876 395 1935 oratio
409 1893 475 1934 mea
490 1893 635 1934 revocare
649 1876 802 1936 videatur.
819 1876 882 1955 (Ex
896 1876 944 1935 ed.
963 1872 1033 1953 Or.)

337 1983 386 2041 23.
410 1981 519 2040 Ρ1111
532 1991 618 2057 post.
642 1983 789 2042 Non'Gn.
813 1982 974 2041 Dolabella
987 1983 1028 2057 C.
1050 1980 1235 2053 Volcatium,
1253 1981 1379 2040 hones-

299 2090 451 2150 tissimum
465 2088 580 2158 virum,
604 2089 754 2147 communi
776 2094 807 2147 et
827 2088 1002 2164 quotidiano
1020 2091 1092 2166 jure
1110 2087 1275 2164 privasset.
1297 2087 1376 2147 Non

298 2197 427 2274 denique
441 2197 530 2256 homo
544 2196 668 2255 illorum
679 2201 709 2254 et
720 2195 785 2255 vita
798 2202 828 2255 et
843 2195 1006 2272 prudentia
1020 2196 1110 2272 longe
1124 2194 1295 2270 dissimilis,
1313 2197 1374 2255 sed

297 2305 389 2365 etiam
404 2303 495 2363 nimis
505 2304 536 2362 in
548 2303 747 2379 gratificando
758 2306 831 2381 Jure
844 2303 935 2380 liber,
947 2303 982 2363 L.
995 2302 1137 2376 Sisenna,
1147 2303 1297 2361 bonorum
1307 2303 1370 2364 Gn.

299 2411 434 2473 Cornelii
454 2409 678 2487 possessionem
700 2428 737 2469 ex
756 2409 855 2469 edicto
870 2427 925 2469 suo
944 2411 980 2471 P.
1008 2409 1154 2487 Scipioni,
1177 2409 1371 2468 adolescenti

298 2535 416 2578 summa
433 2516 603 2591 nobilitate,
628 2516 741 2576 eximia
758 2511 875 2577 virtute
893 2515 1035 2593 praedito,
1058 2515 1205 2578 dedisset.
1230 2514 1292 2594 (Ex
1315 2517 1368 2576 ed.

298 2621 400 2701 Lem.)

337 2735 388 2794 21.
412 2733 524 2804 Quare,
556 2752 648 2809 quum
673 2703 821 2792 ¹ambitum
843 2731 974 2809 populus
1000 2748 1145 2790 romanus
1173 2729 1305 2800 videret,
1337 2739 1372 2791 et

298 2857 391 2915 quum
404 2839 564 2900 atribunis
580 2839 678 2917 plebis
686 2839 857 2908 doceretur,
870 2837 930 2898 nisi
944 2837 1221 2915 poenaaccessisset
1235 2837 1266 2895 in
1281 2837 1372 2896 divi-

297 2963 394 3019 sores,
414 2938 574 3023 enstinpoi
586 2945 675 3005 nullo
691 2948 778 3006 modo
793 2963 891 3022 posse,
906 2946 1006 3021 legem
1025 2946 1103 3004 hanc
1119 2945 1255 3004 Cornelii
1276 2945 1371 3021 flagi-

297 3050 397 3126 tabat;
422 3049 508 3108 illam
532 3068 599 3126 quae
620 3070 659 3110 ex
678 3057 801 3111 senatus
824 3051 963 3110 consulto
984 3049 1141 3110 ferebatur
1164 3051 1367 3130 repudiabat;

298 3154 389 3230 idque
404 3159 486 3232 jure,
511 3163 544 3214 ut
565 3157 646 3216 docti
668 3176 772 3218 sumus
798 3158 930 3217 duorum
950 3157 1109 3217 consulum
1133 3159 1366 3234 designatorum

298 3259 482 3319 calamitate.
499 3260 561 3341 (Ex
575 3261 721 3323 111111.
739 3269 769 3322 et
783 3262 854 3340 Or.)

337 3365 388 3426 25.
411 3368 458 3426 Et
470 3367 584 3426 eadem
598 3369 637 3426 de
653 3388 690 3428 re
700 3373 802 3446 paolo
813 3379 897 3445 pest.
916 3372 958 3429 Ut
969 3369 1263 3447 spectaculumillud
1278 3366 1369 3448 [duo-

297 3490 367 3533 rum
380 3475 609 3552 designatorum
623 3477 782 3535 consulum
801 3475 983 3556 1111111111]
997 3495 1032 3536 11
1045 3482 1223 3553 ettempore
1238 3476 1365 3534 salubre

297 3597 331 3638 ac
346 3582 563 3653 necessarium,
581 3601 693 3660 genere
703 3589 733 3656 et
747 3584 886 3661 exemplo
897 3584 1039 3644 miserum
1052 3601 1086 3642 ao
1097 3583 1263 3660 funestum,
1277 3582 1370 3641 vide·

170 3725 174 3732 -
236 3779 240 3783 ,
297 3704 410 3749 remus.
427 3687 490 3768 (Ex
504 3690 552 3749 cd.
570 3689 640 3768 Or.)

337 3795 386 3854 26.
412 3795 491 3865 Quid
506 3813 561 3871 ego
584 3815 665 3856 nunc
678 3798 734 3857 tibi
755 3798 945 3875 argumentis
965 3798 1174 3876 respondeam,
1191 3815 1280 3876 posse
1294 3797 1366 3859 fieri

297 3906 331 3960 ut
352 3895 432 3960 alius
456 3903 567 3978 aliquis
591 3904 752 3964 Cornelius
776 3905 831 3974 sit,
856 3906 907 3982 qni
934 3907 1045 3966 habeat
1066 3906 1275 3966 Philerotem?
1299 3908 1366 3967 Res

296 4015 368 4068 nota
386 4015 445 4082 est,
461 4009 592 4085 vulgare
615 4029 724 4070 nomen
743 4030 812 4071 esse
834 4013 1020 4090 Philerotis;
1044 4012 1203 4072 Cornelios
1218 4031 1293 4073 vero
1315 4015 1363 4074 ita

295 4117 421 4190 multos,
432 4121 466 4176 ut
476 4118 541 4194 jam
550 4117 641 4176 etiam
655 4119 819 4196 collegium
837 4119 1037 4180 constitutum
1052 4119 1104 4179 sit.
1117 4115 1181 4198 (Ex
1195 4119 1242 4178 ed.
1260 4119 1368 4196 Lem.)

335 4224 384 4281 27.
409 4225 453 4282 At
471 4222 552 4282 enim
573 4225 703 4284 extremi
724 4244 759 4284 ac
778 4207 951 4285 difficillimi
972 4225 1119 4303 temporis
1139 4243 1244 4284 vocem
1264 4227 1364 4297 illam,
