3044 4938
265 407 272 414 ’
304 386 351 438 106
421 385 469 434 DE
490 383 705 436 CICERONIS
728 385 973 436 ORATIONUM
994 383 1257 434 FRAGMENTIS

303 505 435 578 scilicet
467 501 736 576 frumentarium
771 505 931 591 crimen;
960 505 1034 596 sed,
1059 529 1166 599 quum
1188 513 1378 576 accusator

303 645 402 696 reum
429 622 660 717 oppressisset
678 631 783 717 atque
805 621 980 694 obruisset
998 621 1164 692 Sardinia
1180 643 1280 715 paene
1301 627 1378 690 tota

305 747 405 827 teste,
421 737 598 811 defensori
618 761 761 810 neccsse
776 747 853 810 erat
868 746 904 810 ut
918 738 1189 832 praemunitione
1202 747 1237 810 et
1252 736 1379 830 aliqua

303 852 510 950 praefatione
535 854 640 926 totius
678 853 868 947 provinciae
905 876 1113 926 consensum
1146 853 1381 924 imminueret

304 980 409 1067 atque
420 972 589 1042 elevaret.
599 971 733 1064 Itaque,
747 979 929 1065 postquam
937 971 1030 1065 apud
1033 970 1171 1065 judices
1178 969 1381 1041 exsultave-

304 1099 359 1162 rat
375 1088 467 1182 quod
484 1110 620 1157 omnem
632 1086 744 1179 jama
765 1110 826 1180 rep
846 1088 1076 1180 suspicionem
1091 1086 1229 1180 penitus
1250 1093 1381 1156 sustu-

218 1272 220 1278 .
304 1206 415 1293 lisset,
446 1203 627 1273 Triarium
658 1203 856 1297 appellans,
888 1201 1048 1296 graviter
1083 1199 1249 1273 edocebat
1276 1223 1378 1294 qua-

212 1355 217 1366 .
305 1320 461 1390 mobrem
482 1341 553 1388 non
566 1339 617 1404 re,
639 1339 710 1388 non
725 1339 832 1388 causa
843 1316 956 1390 victus
974 1325 1067 1388 esset
1083 1341 1091 1386 :
1111 1339 1193 1388 nam
1212 1315 1376 1403 testium,

306 1460 325 1504 «
350 1435 388 1504 in
410 1433 535 1528 quibus
553 1441 604 1503 est
623 1433 795 1527 impunita
816 1432 1007 1503 mentiendi
1032 1432 1186 1520 licentia,
1211 1455 1229 1499 u
1249 1440 1384 1502 aucto-

305 1552 429 1624 riatem
444 1549 544 1620 modo
568 1547 764 1641 infregerat
782 1549 990 1622 auctoritate
1005 1549 1217 1640 argumenti,
1239 1570 1257 1615 o
1282 1547 1385 1640 quod

306 1675 422 1738 manet
440 1662 656 1736 immutabile
676 1687 788 1758 neque
807 1661 953 1756 fingitur
972 1662 1015 1733 ab
1034 1673 1173 1760 oratore
1188 1662 1248 1733 sed
1262 1662 1384 1732 sumi-

294 1791 376 1854 ·tur.
397 1782 565 1852 »Verum
579 1803 650 1850 non
670 1780 715 1851 ad
733 1790 837 1852 antea
852 1788 1068 1874 perpurgata
1086 1779 1245 1864 crimina,
1258 1777 1322 1848 sed
1333 1779 1384 1848 ad

305 1897 342 1968 id
371 1895 622 1989 gravissimum
638 1896 741 1988 ·qu0d
768 1895 1036 1989 exspectabatur
1059 1895 1135 1967 haec
1162 1893 1383 1988 comparatio

308 2011 517 2105 pertinebat,
542 2021 581 2082 ut
601 2033 644 2080 ex
664 2012 956 2106 consequentibus
975 2012 1148 2105 suspicari
1157 2011 1257 2109 plicet.
1277 2007 1385 2081 Con-

308 2127 472 2200 fitehatur
502 2127 606 2213 enim,
650 2151 757 2220 quum
798 2137 979 2201 accusator
1016 2128 1208 2200 Sardorum
1247 2149 1385 2220 agmen

307 2245 501 2333 induceret,
519 2267 557 2315 se
576 2265 796 2338 nequaquam
815 2244 995 2338 disputare
1012 2269 1136 2340 posse3
1156 2254 1203 2332 et,
1220 2243 1386 2337 judicum

304 2362 537 2455 jurejurando
560 2360 745 2456 implorato
758 2359 782 2447 ¹,
803 2384 864 2432 sua
881 2361 1119 2448 confirmabat,
1145 2369 1217 2431 tum
1236 2359 1386 2430 testium

309 2500 488 2552 sermones
519 2477 762 2568 describendo,
783 2487 858 2548 turn
876 2477 1047 2571 imprimis
1073 2476 1289 2569 interrogato
1310 2476 1384 2550 sibi

308 2595 383 2690 ipse
394 2592 706 2688 respondendo,ita
716 2602 755 2664 ut
767 2617 811 2664 ex
827 2592 1046 2666 multitudine
1057 2591 1178 2665 Sardis
1189 2592 1266 2665 istis
1274 2592 1385 2665 fidem

309 2708 518 2796 tolleret-ao
526 2708 665 2803 jndices
679 2734 743 2803 pro
758 2721 854 2783 certo
873 2710 1045 2782 haberent
1058 2707 1292 2793 defensorem,
1305 2729 1384 2781 non

309 2833 381 2896 tarn
400 2821 594 2894 diffidentia
628 2847 731 2920 quam
757 2848 873 2896 causae
899 2824 1121 2913 necessitate,
1151 2849 1221 2898 uno
1245 2827 1384 2919 impetu

312 2947 417 3009 totam
437 2938 546 3009 aciem
560 2946 786 3032 prosternere
805 2941 980 3012 statuisse.

359 3049 474 3132 Quum
505 3051 554 3121 ita
575 3053 665 3146 quod
695 3062 771 3124 erat
799 3053 907 3125 robur
930 3064 964 3126 et
988 3055 1244 3128 firmamentum
1270 3059 1383 3131 totius

312 3165 547 3236 accusationis
579 3168 728 3259 primum
756 3167 1014 3258 labefactasset,
1049 3172 1241 3243 maximum
1267 3172 1381 3245 totius

312 3279 761 3355 Sardiniaefrumentarium
769 3285 900 3356 crimen
909 3286 1377 3380 attingerecogitabat;sed,

310 3406 348 3470 ut
363 3398 504 3470 taedium
520 3399 658 3492 judices
678 3399 818 3470 minime
837 3411 977 3494 caperet
992 3425 1120 3496 eosque
1137 3403 1382 3476 incontinenti

310 3516 468 3586 oratione
486 3527 628 3610 paratos
647 3525 848 3610 erectosque
867 3511 942 3611 ipse
969 3515 1138 3606 efficeret,
1158 3542 1199 3590 ac
1218 3521 1326 3591 simul
1340 3532 1381 3593 ut

311 3655 332 3704 a
351 3634 528 3728 proposito
560 3633 738 3706 declinare
758 3655 828 3702 non
843 3632 1037 3722 videretur,
1056 3634 1101 3706 ab
1118 3635 1163 3707 iis
1182 3638 1322 3730 petebat
1341 3648 1382 3710 ut

312 3746 526 3822 defensionis
544 3773 619 3822 suae
643 3748 742 3845 qnasi
761 3747 989 3823 fundamenta
1004 3751 1154 3844 jaceret,
1177 3761 1211 3824 et
1239 3752 1384 3825 denun-

312 3863 427 3938 ciabat
440 3887 479 3938 se
495 3865 669 3938 dicturum
684 3888 761 3940 esso
776 3867 874 3957 (nam
892 3868 929 3938 in
947 3876 1067 3961 partes
1083 3867 1179 3939 huno
1197 3867 1311 3940 locum
1324 3868 1380 3940 di-

345 4159 353 4194 ¹
371 4157 463 4210 Confer
477 4159 633 4217 Ciceronem,
649 4159 680 4208 de
704 4160 809 4220 Officiis,
829 4160 872 4210 lib.
896 4161 941 4215 111.
957 4175 980 4211 c.
1001 4173 1016 4208 x
1037 4165 1062 4210 ct
1084 4159 1293 4221 Demosthenem,
1309 4159 1383 4212 initio

312 4237 437 4290 orationis
453 4255 505 4289 suae
520 4255 566 4305 pro
577 4239 753 4303 Ctesiphonte.
