3024 4944
310 379 358 429 172
409 379 667 434 FRAGMENTA
688 377 933 432 ORA'HONUM
954 379 1279 430 Dupunutrnutttt

351 501 404 560 Vl.
429 499 457 558 1.
482 477 522 558 nt
537 517 616 570 sum,
642 498 751 577 inquit,
773 498 941 560 absolutus.
966 497 1109 558 -Novo
1128 491 1248 572 quiden
1275 497 1382 560 liorele

309 625 404 678 more,
420 605 470 665 cui
485 605 539 665 uni
551 606 691 666 absoluto
705 606 776 666 lites
790 604 949 666 aestimate
965 609 1047 666 sunt.
1057 637 1099 648 -

347 719 377 776 2.
400 717 551 788 lucranti,
579 716 698 790 inquit,
725 714 785 774 tibi
804 712 950 787 judices,
985 731 1054 772 nom
1082 712 1312 773 crediderunt.
1341 741 1384 756 -

308 825 401 894 Quasi
416 841 473 900 ego
489 841 547 882 non
556 825 716 880 contentus
728 821 798 895 sim,
814 822 893 896 quod
903 820 979 879 mihi
994 819 1129 896 quinque
1138 825 1170 877 et
1183 820 1247 878 XX
1256 818 1383 894 judices

307 932 515 1006 crediderunt,
527 929 645 988 XXXI
655 929 714 988 tibi
727 930 813 986 nteit
825 928 1051 1004 erediderunt,
1068 927 1121 1004 qui
1136 931 1311 1002 sequestres
1326 927 1383 985 abs

306 1046 337 1100 te
350 1038 520 1114 locupletes
543 1036 718 1114 acceperint
740 1037 912 1114 manifesti
929 1035 1079 1111 perjurii
1098 1044 1131 1094 et
1138 1034 1339 1110 presidium
1361 1051 1383 1092 a

305 1145 399 1204 nobis
411 1145 585 1221 petierint.

345 1255 375 1312 3.
401 1252 507 1315 onte?
527 1252 697 1313 divortium
725 1250 879 1328 pontificis
906 1250 1044 1327 maximi,
1070 1268 1179 1310 nenne
1204 1259 1237 1311 te
1264 1261 1382 1328 aperte

305 1361 421 1438 eremit
434 1367 546 1436 furem
561 1360 774 1419 muliebrium
788 1360 1026 1436 rettiyiomtm?

345 1469 470 1529 v11.·1.
494 1466 532 1547 [¹
554 1462 722 1544 integritas
740 1473 794 1527 tua
814 1473 845 1526 te
866 1467 1024 1544 purgavit,
1051 1467 1128 1526 mihi
1151 1469 1253 1544 crede,
1280 1466 1382 1544 pudor

305 1575 429 1652 eripuit,
446 1576 511 1634 vita
525 1579 664 1634 anteacta
680 1572 844 1652 servavit}
866 1575 1017 1644 Quattuor
1036 1573 1093 1632 tibi
1110 1572 1280 1635 sententias
1296 1572 1381 1633 solas

305 1684 342 1746 cd
358 1683 523 1761 pernicicm
534 1659 685 1742 ¹defuisse.

344 1791 374 1849 2.
399 1792 448 1848 Tu
462 1792 594 1866 quidem
608 1808 678 1864 prce
698 1800 728 1848 te
742 1796 813 1865 fers
825 1791 1004 1866 pecuniam
1024 1795 1054 1850 te
1070 1798 1295 1868 recepturum,
1312 1807 1381 1867 que

304 1901 489 1958 sententias
504 1899 613 1956 emisti
626 1915 752 1969 eorum,
772 1899 832 1974 qm'
851 1907 882 1956 te
897 1900 1044 1957 crimine.
1062 1899 1260 1958 liberarunt.
1279 1897 1381 1962 Quem

305 2023 381 2064 uero
396 2015 464 2065 tem
477 2005 616 2063 stultum
631 2010 705 2079 sore
720 2005 903 2080 emistimas,
928 2014 967 2064 ut
980 2005 1157 2081 pecuniam
1169 2021 1272 2082 quam
1285 2021 1381 2064 ecce-

303 2115 394 2188 perit
408 2113 548 2172 reddet?
560 2113 588 2171 N
592 2129 640 2170 am
653 2113 690 2171 L.
707 2111 829 2188 quidem
842 2113 942 2189 Cotta,
960 2111 1046 2189 quod
1057 2115 1094 2173 in
1100 2113 1222 2188 judice
1235 2114 1383 2190 spectari

304 2228 337 2278 ct
349 2225 490 2295 fortuma
511 2221 653 2289 deberet,
668 2229 701 2280 et
715 2220 875 2295 dimittas,
889 2222 939 2279 ita
951 2221 1141 2295 iudicatum
1155 2222 1381 2297 amplissimo-

303 2311 381 2386 rum
396 2328 552 2386 ordimem
567 2325 702 2386 delectis
717 2327 798 2384 viris
811 2335 929 2402 patere
944 2329 1069 2397 votuit,

342 2436 372 2496 3.
398 2436 441 2494 Ut
465 2435 592 2510 posthae
610 2436 681 2510 lege
704 2433 835 2494 Aurelia
852 2435 951 2512 judex
976 2451 1045 2496 csse
1069 2453 1129 2494 non
1155 2434 1253 2512 possit
1267 2432 1292 2512 ²,
1313 2435 1382 2493 nisi

305 2541 406 2599 sulcis
422 2542 578 2598 nummis.
620 2590 623 2598 ,

343 2649 373 2708 4.
401 2647 440 2708 Ut
456 2627 543 2706 idib.
565 2647 667 2706 Maiis
687 2650 723 2706 in
745 2657 899 2707 senatum
918 2649 1140 2725 convenimus,
1156 2655 1296 2726 royetus
1320 2665 1378 2726 effe

303 2757 499 2816 sententiam
522 2754 629 2813 multu
652 2754 725 2813 diei
747 2756 938 2816 desummo
961 2774 996 2814 re
1018 2757 1164 2832 publice,
1195 2765 1296 2833 atque
1324 2757 1380 2814 itte

304 2867 394 2924 locus
417 2865 574 2923 inductus
598 2881 619 2921 a
643 2881 693 2922 me
714 2873 764 2923 est
788 2865 950 2949 diuinitus
975 2882 1043 2923 :ne
1065 2864 1379 2941 unaplagaaccepta

303 2979 405 3050 patres
421 2970 588 3046 conscripti
609 2971 816 3040 conciderent,
834 2989 871 3030 ne
894 2970 1080 3048 deficerent3
1096 2971 1212 3030 vulnus
1228 2988 1298 3030 esse
1312 2976 1378 3050 ejus

302 3078 488 3154 modi‚'quod
498 3077 573 3136 mihi
587 3096 642 3138 nec
657 3078 915 3139 dissimulandum
929 3095 984 3136 ncc
994 3078 1274 3155 pertimescendum
1290 3078 1380 3139 vide-

303 3193 400 3252 retur,
422 3203 459 3244 ne
474 3192 525 3244 aut
545 3187 707 3246 metuendo
725 3187 919 3264 ignavissimi
942 3193 995 3247 eut
1014 3186 1185 3264 ignorando
1200 3186 1378 3246 stultissimi

299 3294 524 3373 judicaremur;
554 3293 602 3352 bis
628 3295 804 3353 absolutum
831 3312 900 3354 esse
923 3295 1100 3370 Lentulum,
1126 3294 1173 3354 bis
1199 3294 1377 3368 Catilinam,

303 3405 383 3462 hune
397 3401 524 3460 tertium
533 3404 598 3479 jam
613 3419 679 3460 esse
695 3419 713 3459 a
721 3402 880 3480 judicibus
895 3402 927 3461 in
943 3419 1009 3460 rem
1024 3401 1178 3479 publicam
1192 3400 1376 3460 immissum.

303 3511 410 3582 Erras,
422 3508 524 3584 Olodi3
541 3526 601 3568 non
611 3515 641 3568 te
651 3508 771 3584 judices
782 3509 853 3568 urbi
864 3510 917 3568 sed
927 3509 1082 3568 carcerire
1094 3513 1272 3582 servarunt,
1281 3525 1379 3584 neque

304 3618 334 3671 te
355 3613 540 3673 retinerem
564 3615 701 3684 civitate,
724 3616 778 3674 sed
797 3615 910 3675 exsilio
933 3616 1059 3692 privare
1077 3615 1256 3674 voluerunt.
1281 3617 1378 3686 Quum

305 3722 442 3794 obrem,
468 3725 571 3796 patres
592 3720 771 3797 conscripti,
795 3721 907 3797 erigite
927 3721 1055 3796 animos,
1081 3721 1212 3781 retinete
1240 3727 1379 3780 vestram

305 3826 494 3902 dignitatem.
513 3827 617 3886 Manet
630 3825 687 3886 illa
702 3827 734 3885 in
748 3844 783 3885 re
797 3827 920 3903 publica
935 3829 1084 3886 bonorum
1100 3826 1270 3900 consensio,
1292 3829 1378 3889 dolon

305 3933 436 4024 secessit
455 3934 541 3993 bonis
555 3933 647 4009 viris,
660 3933 762 3993 virtus
778 3953 836 3993 non
852 3940 899 3994 est
912 3935 1097 4013 imminuta3
1113 3934 1192 3994 nihil
1207 3939 1255 3994 ost
1269 3935 1372 3994 damni

333 4205 343 4246 ί
358 4208 515 4265 Quintilianus
525 4208 564 4252 lib.
575 4207 638 4260 v111,
648 4221 667 4251 c.
682 4219 714 4252 vt.

333 4283 344 4316 ²
360 4285 474 4324 lluctenus
486 4295 545 4324 noun
561 4282 691 4334 fraumenta
710 4285 731 4323 J.
748 4280 773 4323 V.
789 4277 888 4325 inf-loro.
