3070 4950
303 437 330 472 vi
732 406 948 471 P'RAEFATw

302 548 363 610 aut
385 540 428 611 de
449 539 623 611 industria
646 539 849 628 omiserant,
867 548 927 610 aut
943 548 1022 633 post
1046 541 1129 611 aliis
1154 565 1370 614 conamemo-

300 675 424 745 ruodo
437 671 662 766 reliquerant,
673 672 780 745 extuli
794 682 899 768 atque
912 674 949 744 in
964 673 1078 745 lucem
1090 674 1197 766 edidi.
1211 675 1369 747 Primum

300 806 467 894 omnium,
490 829 556 900 quo
573 828 684 898 genus
703 806 872 902 cujusque
900 830 1015 878 causae
1034 805 1169 879 facilius
1199 808 1368 903 distingui

298 946 428 1033 posset,
445 947 479 1010 et
494 911 605 1009 rebus
617 936 842 1009 adhiberetur
852 937 986 1027 lumen,
1004 942 1032 1012 si
1050 940 1188 1036 qnando
1204 941 1368 1013 obscuri-

298 1081 350 1144 tas
372 1096 413 1143 ac
429 1069 584 1144 tenebrae
610 1071 770 1164 quaedam
796 1070 1110 1164 confunderentur,
1134 1100 1212 1147 cum
1232 1101 1366 1149 summa

296 1205 497 1298 diligentia,
533 1205 682 1276 orationi
717 1205 909 1299 deperditae
942 1217 1150 1300 argumenta
1183 1211 1362 1304 proposui,

296 1364 409 1440 neque
425 1340 518 1411 iniis
534 1341 781 1434 componendis
796 1340 931 1434 Sigonil
945 1350 1050 1435 atque
1066 1365 1084 1410 u
1101 1341 1238 1435 Angelo
1258 1344 1362 1415 Mai»

296 1475 427 1580 monita
437 1475 569 1546 imitari
580 1475 710 1564 studui,
722 1474 849 1569 quihus
859 1485 997 1565 cuncta,
1010 1499 1089 1573 quae
1103 1487 1240 1550 veteres
1251 1480 1361 1573 scrip-

197 1623 201 1630 '
294 1623 389 1689 tores
400 1612 443 1684 de
455 1612 617 1683 concione
628 1611 828 1684 desiderata
837 1611 1152 1707 velexcerpserunt
1162 1613 1219 1685 vel
1230 1615 1363 1708 opinati

296 1757 377 1835 sunt
382 1801 391 1836 ,
410 1745 670 1818 accuratissime
689 1744 923 1838 colliguntur;
940 1746 1013 1837 sed,
1033 1772 1051 1816 c
1065 1748 1099 1819 J.
1122 1747 1167 1816 V.
1185 1748 1327 1821 Leclerc
1342 1778 1361 1821 »

292 1883 452 1976 vestigiis
468 1880 652 1970 obsistenS,
666 1901 706 1951 ea
724 1879 841 1972 delegi
859 1903 900 1952 ac
909 1882 1085 1974 separavi,
1096 1905 1175 1977 quae
1189 1884 1235 1956 ad
1249 1911 1362 1960 meum

293 2016 508 2111 propositum
536 2037 577 2086 ac
597 2013 707 2104 litem,
737 2038 841 2108 quarn
866 2022 1018 2086 tractare
1044 2037 1241 2109 aggressus
1271 2045 1357 2111 sum,

290 2150 431 2245 proprie
446 2149 682 2245 pertinebant.
700 2147 835 2222 Deinde
852 2149 953 2239 (illud
966 2159 1083 2222 autem
1098 2173 1198 2246 opuS,
1224 2163 1261 2226 ut
1280 2156 1360 2248 opi-

290 2307 368 2372 nor,
386 2285 520 2379 primus
544 2309 654 2379 usque
678 2285 723 2356 ad
744 2282 835 2354 hanc
855 2291 996 2355 aetatem
1014 2286 1176 2378 sumpsi),
1194 2295 1230 2372 ut
1244 2309 1359 2358 causae

288 2414 535 2490 difficultatem
546 2416 838 2510 intelligeremus
852 2424 961 2510 utque
971 2428 1067 2490 recte
1081 2426 1185 2513 atque
1205 2445 1356 2516 exaequo
1436 2473 1438 2476 -

290 2574 369 2647 quaa
388 2548 496 2624 fuerit
521 2552 595 2638 vis,
625 2549 722 2644 copia
751 2558 785 2621 et
817 2550 956 2622 dicendi
983 2549 1161 2624 Ciceronis
1189 2553 1358 2626 calliditas

283 2688 525 2782 judicaremus
556 2689 653 2776 (nam
682 2709 723 2759 ea
755 2686 868 2778 magis
891 2708 934 2757 ex
961 2685 1111 2758 aliorum
1136 2689 1358 2760 contentione

250 2884 252 2888 ,
287 2845 390 2917 quarn
408 2822 483 2914 ipsa
504 2844 567 2915 per
587 2844 663 2893 sese
679 2819 841 2912 cognosci
865 2829 970 2914 atque
992 2821 1162 2893 aestimari
1178 2825 1354 2914 possunt),

288 2979 358 3027 non
387 2955 498 3026 solum
525 2979 545 3028 e
571 2962 731 3026 veterum
754 2951 965 3046 scriptorum
986 2953 1196 3040 testimonio,
1228 2955 1355 3048 quoin

287 3111 434 3160 numero
463 3085 595 3160 fuerint
624 3087 718 3159 inter
749 3095 915 3181 patronos
942 3084 1119 3157 Ciceronis
1143 3083 1351 3180 adversarii,

286 3245 388 3318 quem
404 3219 557 3293 fructum
571 3219 722 3311 dicendi,
743 3191 915 3314 quamque
930 3216 1070 3326 laudern
1084 3217 1240 3311 ceperint
1259 3218 1355 3289 indi-

286 3356 531 3447 caretentavi3
552 3355 628 3444 sed,
647 3357 723 3426 sive
738 3353 902 3446 exipsius
913 3351 1092 3424 Ciceronis
1107 3347 1351 3446 fragmentis¹‚

284 3491 361 3565 sive
381 3517 425 3564 ex
451 3491 550 3581 locis,
582 3514 685 3586 quos,
712 3489 862 3584 exempli
890 3511 1007 3577 causa,
1038 3485 1172 3582 antiqui
1196 3483 1355 3557 rhetores

285 3638 388 3722 atque
415 3627 586 3723 imprimis
607 3621 875 3710 Quintilianus²
902 3631 1151 3710 servaverunt,
1183 3617 1353 3690 orationis

283 3760 327 3832 ab
337 3761 378 3831 iis
388 3759 519 3832 hahitae
534 3757 703 3852 effigiem,
720 3767 887 3853 quantum
897 3757 994 3851 potui
1000 3811 1009 3845 ,
1027 3756 1225 3850 relinquere
1243 3777 1352 3826 cona-

283 3902 337 3965 tus
352 3917 442 3966 sum.
461 3894 566 3983 Tum,
589 3891 682 3988 quod
697 3890 838 3987 quidem
851 3898 968 3986 caput,
984 3898 1021 3961 ut
1033 3889 1082 3960 ita
1096 3888 1221 3978 dicam,
1240 3887 1351 3960 nostri

816 4043 825 4062 Ὗ
843 4039 860 4074 Ω

313 4173 321 4208 ¹
336 4170 403 4223 Vide
417 4172 493 4234 intra,
507 4169 615 4235 exempli
630 4185 716 4231 causa,
734 4166 908 4230 enarrationes
927 4165 1072 4216 orationum
1092 4175 1139 4228 pro
1160 4157 1247 4212 Tullio
1263 4163 1288 4208 et
1304 4172 1350 4222 pro

280 4251 392 4306 Vareno.

310 4339 321 4373 2
334 4337 404 4390 Vide
417 4335 604 4388 enarrationem
617 4333 741 4385 orationis
754 4348 800 4398 pro
814 4329 928 4383 Vatinia.
