3070 4950
552 1605 717 1680 ORATIO
746 1606 828 1680 PRO
857 1606 890 1679 d.
916 1605 1109 1680 MANILIO

343 2221 397 2292 Ex
413 2221 513 2318 Oppii
531 2219 735 2294 defensione
750 2221 919 2318 usquead
938 2223 1114 2294 orationes
1136 2247 1198 2317 pro
1220 2222 1258 2294 C.
1277 2223 1360 2294 Ma-

294 2337 380 2409 nilio
395 2361 436 2410 ao
455 2361 517 2431 pro
535 2339 586 2408 M.
604 2337 791 2410 Fundanio
806 2346 938 2432 septem
957 2338 1040 2408 anni
1059 2337 1283 2426 effluxerunt,
1299 2363 1360 2433 per

293 2478 379 2549 quos
397 2476 520 2525 causas
536 2477 642 2546 agere
667 2462 702 2524 et
715 2454 813 2548 quasi
826 2454 863 2523 in
885 2451 961 2525 foro
980 2452 1140 2525 habitare
1156 2451 1275 2524 Cicero
1290 2477 1359 2524 non

292 2568 437 2640 destitit.
464 2570 586 2664 Neque
617 2569 653 2638 id
681 2555 823 2639 mirum.
856 2570 1046 2663 Postquam
1070 2568 1181 2659 enim,
1216 2578 1360 2662 propter

292 2684 421 2756 Siciliae
441 2685 686 2780 patrocinium,
709 2683 916 2777 designatus
942 2683 1056 2754 aedilis
1070 2706 1149 2754 oum
1169 2682 1359 2753 Hortensio
1438 2693 1441 2768 j

289 2800 471 2895 designato
495 2801 650 2891 consule,
684 2800 742 2894 qui
775 2808 1002 2894 patronorum
1025 2800 1148 2870 Romae
1175 2807 1259 2869 tune
1282 2807 1359 2869 erat

288 2917 450 3012 princeps
472 2926 506 2988 et
534 2916 742 3004 habebatur,
769 2925 917 2988 venerat
934 2917 970 2986 in
989 2923 1186 3000 certamen3
1209 2937 1358 3008 eumque

288 3031 498 3126 eloquentiae
514 3056 604 3102 novo
622 3055 767 3124 genere,
785 3031 921 3102 dicendi
939 3031 1035 3126 copia
1055 3038 1090 3102 et
1116 3030 1257 3117 ardore,
1279 3038 1358 3100 stu—

287 3156 405 3241 pente,
432 3155 470 3217 ut
490 3147 540 3218 ita
557 3146 683 3238 dicam,
710 3145 862 3235 civitate,
886 3146 1073 3235 devicerat,
1092 3147 1128 3216 in
1149 3169 1186 3216 se
1203 3145 1357 3216 omnium

288 3261 418 3350 oeulos,
448 3261 729 3333 benevolentiam
760 3272 794 3333 et
820 3262 974 3334 studium
1001 3269 1223 3334 converterat
1246 3287 1253 3331 :
1276 3261 1358 3332 inde

288 3379 489 3469 auctoritas,
504 3378 589 3450 fides
604 3387 709 3472 atque
726 3377 763 3448 in
775 3375 852 3448 foro
865 3402 992 3448 nomen
1006 3377 1231 3450 celebratum.
1243 3377 1353 3469 Ergo,

286 3503 429 3589 propter
444 3495 684 3567 assiduitatem
706 3495 744 3564 in
773 3493 887 3565 eausis
911 3502 945 3564 et
962 3494 1185 3583 industriam,
1211 3501 1355 3589 propter

286 3610 442 3683 laborem
457 3610 493 3682 iu
510 3611 728 3706 privatorum
746 3610 914 3703 perieulis
932 3620 1026 3682 caste
1046 3609 1252 3703 integreque
1268 3633 1354 3680 ver-

287 3736 413 3817 satum,
435 3735 646 3822 propterque
655 3725 828 3821 imprimis
846 3726 1013 3798 orationis
1028 3750 1091 3821 pro
1108 3725 1214 3797 Sexto
1229 3724 1356 3797 Roscio

286 3843 456 3914 Amerino
477 3843 695 3929 memoriam,
716 3867 759 3914 ex
773 3842 905 3936 judicio
920 3842 1037 3936 populi
1053 3841 1205 3912 Romani
1220 3838 1356 3912 fruetus

287 3968 492 4032 consecutus
514 3968 567 4031 est
596 3958 842 4052 amplissimos.
865 3957 1017 4046 Etenim,
1045 3957 1103 4028 ubi
1124 3965 1212 4030 aetas
1233 3981 1312 4028 eum
1335 3979 1357 4028 a

286 4076 449 4149 maximis
468 4076 656 4149 bonoribus
676 4075 806 4146 diutius
824 4074 948 4148 abesse
967 4077 1039 4146 non
1053 4074 1147 4161 sivit,
1169 4082 1246 4167 post
1261 4067 1358 4144 aedi-

285 4194 432 4280 litatem,
456 4192 653 4264 incredibili
674 4191 793 4286 populi
821 4192 1014 4281 voluntate,
1041 4197 1094 4261 ter
1120 4197 1254 4284 praetor
1276 4187 1355 4283 pri-
