3024 4944
245 356 494 411 FRAGMENTA
515 359 758 411 ORATIONUM
780 359 1102 414 DEPERDITARUM
1164 359 1209 412 139

182 476 232 536 311.
251 479 317 555 Ego
332 495 391 537 non
413 477 445 538 in
466 495 525 538 una
548 497 583 539 re
606 479 681 550 sola,
708 481 788 556 quod
809 479 885 539 mihi
900 479 976 540 satis
990 485 1048 549 est,
1068 496 1164 556 neque
1177 478 1209 538 ni

142 584 290 646 universe
302 603 337 644 re
351 583 461 674 solum,
478 587 557 664 quod
571 587 647 650 mihi
663 588 738 648 satis
753 594 810 660 est,
835 588 888 648 sed
903 587 1085 669 singillatim
1098 588 1129 648 in
1143 605 1208 648 om·

142 691 233 753 nibus
247 694 349 755 dolum
363 697 476 757 malum
489 702 612 758 exstare
627 697 705 757 dieo.
721 697 891 759 Consilium
906 697 1031 775 cupiunt
1040 703 1075 757 ut
1088 696 1127 756 ad
1142 714 1208 758 ser·

143 816 198 858 vos
214 802 256 860 M.
270 801 366 861 Tullii
380 802 505 861 veniant
521 823 528 863 :
546 803 615 862 dolo
630 804 710 864 mulo
725 804 853 863 iaciunt.
871 805 967 864 Arma
977 804 1101 881 cupiunt
1115 825 1123 864 ε
1139 803 1210 864 dolo

142 907 223 966 malo
237 907 362 968 faciunt.
379 910 511 985 Tempus
524 909 561 968 ad
575 909 782 970 insidiandum
795 918 886 987 atque
896 911 1056 970 celandum
1069 911 1210 970 idoneum

143 1011 264 1088 eligunt
281 1031 287 1070 :
311 1012 380 1074 dolo
402 1013 482 1072 mulo
498 1012 626 1074 faciunt.
643 1014 684 1074 Vi
709 1015 740 1075 in
759 1020 875 1074 tectum
892 1015 1015 1074 irruunt
1032 1036 1039 1074 :
1055 1014 1087 1074 in
1101 1014 1210 1090 ipsevi

144 1117 232 1176 dolus
246 1124 302 1177 est.
317 1118 467 1178 Occidunt
482 1119 631 1196 homines,
649 1125 762 1180 tectum
779 1119 927 1180 diruunt:
941 1137 997 1180 nec
1011 1121 1099 1180 homo
1113 1118 1211 1178 occidi

144 1241 200 1284 nec
213 1225 351 1285 consulto
369 1225 460 1285 alteri
487 1227 629 1286 damnum
644 1227 712 1288 dari
727 1227 793 1288 sine
807 1228 877 1287 dolo
891 1229 971 1288 malo
987 1233 1098 1307 potest.
1115 1229 1209 1305 Ergo,

106 1365 109 1371 -
144 1329 172 1388 si
191 1347 295 1393 omnes
319 1340 423 1410 parles
450 1340 522 1394 sunt
545 1335 695 1414 ejusmodi
723 1339 757 1394 ut
784 1334 816 1392 in
838 1334 970 1412 singulis
997 1334 1086 1394 dolus
1113 1334 1211 1393 molus

53 1493 56 1500 .
144 1437 270 1512 haercat,
286 1439 462 1500 universam
474 1458 541 1500 rem
555 1446 585 1500 et
599 1447 698 1504 totum
711 1441 831 1501 facinus
844 1438 909 1501 sine
924 1440 992 1500 dolo
1003 1442 1084 1501 malo
1097 1439 1210 1500 iactum

139 1543 343 1620 judicabitisi

184 1652 235 1713 35.
259 1654 339 1724 Quid
352 1655 390 1714 ad
405 1656 470 1716 haec
486 1655 647 1728 Quintiusl
672 1657 752 1717 Sane
766 1656 845 1716 nihil
861 1661 978 1717 certum
994 1674 1091 1734 neque
1105 1674 1209 1726 unum,

144 1760 176 1819 in
190 1779 318 1838 quonon
333 1764 422 1823 modo
434 1763 532 1840 possit
545 1781 654 1824 verum
675 1770 763 1842 putet
781 1783 813 1824 se
827 1782 918 1841 posse
936 1763 1115 1824 consistere.
1139 1764 1213 1824 Pri-

144 1883 229 1926 mum
243 1867 325 1926 enim
338 1867 416 1928 illud
426 1867 533 1946 injecit
543 1869 621 1929 nihil
636 1886 726 1948 posse
739 1869 810 1929 dolo
823 1870 904 1929 melo
916 1865 1041 1928 familias
1051 1868 1130 1929 fieri.
1148 1869 1213 1927 Hoc

145 1974 213 2033 loco
234 1992 294 2034 non
317 1975 416 2034 solum
437 1975 510 2037 iecit
534 1983 567 2036 ut
589 1976 767 2036 defenderet
792 1975 935 2046 Fabium,
961 1974 1013 2034 sed
1036 1980 1070 2035 ut
1090 1973 1213 2033 omnino

146 2079 357 2159 hujuscemodi
367 2081 485 2160 judicia
499 2081 696 2144 dissolveret.
706 2085 787 2145 Nam
797 2083 919 2143 eivenit
931 2082 961 2142 id
971 2082 1003 2142 in
1014 2081 1165 2160 judicium
1175 2082 1213 2140 de

145 2186 273 2260 familia,
293 2191 372 2266 quod
393 2191 514 2251 omnino
533 2191 650 2253 familia
666 2192 749 2252 nulla
761 2198 862 2268 potest
876 2191 1077 2262 committere,
1095 2191 1213 2250 nullum

146 2299 194 2352 est
204 2294 374 2374 judicium3
390 2297 591 2358 absolvantur
605 2315 710 2357 omnes
724 2298 762 2356 de
782 2297 877 2357 simili
900 2313 991 2356 censa
1014 2313 1138 2356 necesse
1155 2301 1211 2354 est.

185 2400 235 2460 36.
260 2402 325 2462 Hoc
339 2404 449 2481 solum,
466 2405 543 2464 bonu
561 2405 737 2465 mehercule
752 2406 819 2482 fide
834 2405 857 2474 ¹,
883 2405 910 2463 si
929 2405 987 2463 hoc
1005 2404 1104 2463 solum
1119 2407 1212 2478 esset,

147 2515 252 2570 tamen
264 2529 331 2587 vos,
343 2512 421 2572 tales
438 2511 512 2592 viri,
530 2514 611 2573 nolle
623 2513 777 2574 deberetis
792 2513 957 2573 maximam
972 2529 1049 2590 rem,
1065 2514 1215 2590 conjunc·

146 2621 210 2676 tam
223 2633 293 2676 cum
306 2634 424 2678 summu
437 2636 472 2678 re
486 2619 609 2696 publica
617 2619 811 2697 fortunisque
825 2621 1031 2697 privatorum,
1049 2617 1216 2678 severissi-

145 2740 229 2783 mum
239 2723 390 2804 judicium
408 2725 600 2804 maximeque
619 2726 739 2787 ratione
754 2728 956 2804 compositum
973 2743 1028 2804 per
1045 2744 1101 2786 vos
1116 2725 1215 2785 videri

146 2849 213 2894 esse
224 2833 418 2894 dissolutum.
436 2836 495 2895 Sed
511 2852 570 2894 non
590 2835 621 2894 id
644 2837 743 2896 solum
765 2836 869 2913 agitur
884 2837 919 2894 iu
932 2833 1145 2910 docjudicio‚
1162 2851 1216 2892 re·

33 3021 36 3029 ,
147 2943 359 3016 ciperatores,
370 2949 410 3001 ut
421 2942 467 3000 Μ.
487 2941 615 3002 Tullius
625 2959 687 3020 pec·
701 2944 915 3002 interdictum
924 2959 1023 3001 suum
1029 2941 1090 3017 jue
1106 2949 1215 3001 teneat

145 3053 243 3124 utque
266 3047 428 3121 injuriam
448 3065 470 3108 u
488 3051 529 3108 P.
552 3051 650 3110 Fabii
670 3051 804 3126 familia
827 3055 955 3126 saetam
974 3058 1216 3126 persequentum

146 3169 261 3212 verum
278 3155 336 3214 hoc
350 3153 502 3232 judicium
520 3153 531 3190 ²
556 3155 601 3214 sic
617 3161 824 3232 exspectatur,
842 3162 948 3216 utnon
964 3173 1033 3215 unse
1047 3156 1092 3215 rei
1108 3154 1212 3224 statui,

147 3259 200 3319 sed
215 3258 357 3319 omnibns
372 3259 518 3320 constitui
533 3265 668 3338 putetur.
725 3305 1213 3323 ..........

146 3473 255 3532 Dicam
273 3471 284 3507 ³
312 3473 376 3532 vim
396 3471 507 3534 saetam
527 3491 545 3533 a
564 3475 601 3534 P.
621 3475 710 3534 Fabii
730 3475 865 3536 familiai
887 3475 1136 3556 sdversariinon
1160 3491 1216 3532 ne-

146 3585 232 3656 gant.
257 3581 409 3640 Damnum
430 3581 535 3642 datum
555 3599 622 3642 esse
645 3584 688 3643 M.
712 3584 837 3644 Tullici
858 3583 999 3644 concedis
1016 3585 1030 3642 τ’
1047 3581 1110 3642 vici
1124 3599 1216 3641 unum

145 3707 223 3750 rem.
239 3688 312 3750 Vim
323 3689 497 3750 hominibus
509 3689 636 3750 armetis
649 3691 778 3752 factumi
791 3694 861 3752 Non
875 3709 985 3769 negas3
998 3691 1060 3752 vici
1073 3691 1212 3752 alterum.

146 3797 225 3856 Dolo
239 3797 320 3857 mulo
332 3795 446 3856 fuctum
461 3815 554 3874 negas
571 3819 578 3857 ε
600 3798 709 3858 dehoc
718 3798 871 3877 judicium
885 3805 933 3859 est
936 3840 1212 3860 ......

174 4094 185 4130 l
201 4095 235 4139 Its
248 4091 331 4140 meiius
345 4094 487 4140 Huschkius.

175 4167 186 4206 ἱ
200 4166 341 4220 Pincianus,
352 4170 391 4222 vt,
402 4183 423 4226 p.
434 4171 481 4221 678,
491 4169 526 4215 ed.
540 4167 635 4213 Putsch.
668 4207 672 4215 ,

174 4239 186 4276 ³
201 4240 336 4288 Victorinus
349 4243 376 4286 sd
391 4241 500 4288 rhetoric.
513 4241 640 4294 Ciceronis,
653 4241 672 4292 Ι,
683 4243 718 4284 57,
