3070 4950
592 435 808 488 PRAEFATIO
1172 438 1233 485 'vn
1286 462 1298 488 υ

164 562 293 656 incepti
308 569 374 648 est,
396 561 432 630 in
448 558 624 630 orationes
639 556 1038 650 Ciceronisdeperditas
1056 555 1113 627 vel
1132 579 1230 626 exae-

166 694 359 766 dificandas
386 693 445 765 vel
474 691 734 764 adumbrandas
763 713 902 762 omnem
931 712 1051 762 curam
1086 688 1229 761 contuli.

168 829 272 902 Modo
287 828 393 918 enim,
415 850 521 922 quum
536 826 605 896 looi
624 826 866 897 essentmanci
885 847 926 896 ac
943 825 1045 914 curti,
1064 824 1120 896 vel
1139 822 1236 917 frag-

169 961 309 1050 mentiS,
331 984 410 1056 quae
423 982 539 1054 neque
558 959 632 1030 sine
646 981 749 1031 causa
765 981 878 1054 neque
891 959 968 1031 sine
986 959 1236 1054 approbatione

171 1098 307 1173 dicendi
335 1096 495 1167 doctores
516 1093 698 1190 'quondam
724 1093 951 1186 delegerant,
973 1094 1030 1167 vel
1057 1094 1237 1166 rhetorum

172 1229 388 1329 pervulgatis
403 1231 588 1324 praeceptis
606 1227 727 1316 fretus,
746 1227 915 1322 omniope
927 1236 1033 1323 atque
1047 1252 1153 1323 opera
1172 1227 1238 1300 ad-

174 1369 275 1440 nixus
306 1390 384 1438 sum
416 1377 455 1440 ut
487 1369 653 1475 orationis
682 1377 839 1439 tenorem
869 1377 903 1439 et
930 1390 1087 1457 cursum,
1117 1369 1146 1439 si
1169 1391 1240 1439 non

175 1503 315 1591 videre,
350 1501 518 1597 suspicari
547 1509 664 1573 tamen
691 1501 787 1573 haud
811 1511 903 1574 esset
927 1498 1097 1588 diffieile;
1124 1500 1239 1589 modo,

177 1660 283 1730 quum
295 1634 354 1707 vel
368 1656 470 1727 paene
482 1641 552 1705 tota
567 1635 679 1705 oratio
697 1633 756 1706 vel
771 1635 930 1728 quaedam
944 1634 1111 1706 orationis
1125 1645 1244 1730 partes

178 1773 328 1866 integrae
349 1767 435 1839 mihi
455 1776 572 1839 essent
590 1769 627 1839 in
648 1767 825 1858 manibus,
849 1767 1053 1864 exponendo
1072 1792 1113 1841 ac
1128 1770 1245 1843 disse-

181 1906 288 1979 rendo
303 1927 344 1978 ea
373 1902 548 1974 coarctavi
574 1911 619 2008 et¹
639 1890 852 1998 peranguste
877 1901 1015 1992 refersi,
1045 1927 1090 1976 ne
1108 1904 1242 1994 eadem,

180 2039 325 2110 dilatata
345 2044 449 2129 atque
465 2034 650 2128 explicata,
673 2060 752 2108 curn
774 2038 831 2126 iia,
849 2060 926 2131 quae
941 2037 1101 2108 divinare
1119 2036 1247 2113 amissa

180 2182 240 2246 aut
259 2168 464 2266 imperfecta
484 2170 646 2264 supplere
666 2170 837 2260 volebam,
854 2172 944 2244 male
962 2195 1075 2267 neque
1090 2176 1169 2264 apte
1186 2191 1248 2238 co-

181 2309 371 2378 haererent.
388 2306 568 2376 Praeterea
578 2305 764 2396 judicium,
778 2307 949 2400 quodnon
960 2307 1035 2378 sine
1050 2300 1250 2378 reverentia

181 2441 226 2514 de
245 2440 288 2512 iis
307 2437 522 2511 orationibus
539 2435 620 2528 feci,
636 2446 696 2511 aut
714 2438 758 2510 ad
768 2450 961 2513 extremam
975 2450 1110 2535 partem
1130 2418 1250 2509 reser-

183 2574 277 2662 vavi,
311 2579 372 2645 aut
403 2572 624 2665 aequabiliter
657 2569 773 2644 fusum
810 2597 846 2644 m
873 2574 1066 2646 continenti
1094 2571 1251 2643 oratione
1294 2567 1303 2580 '

181 2704 302 2778 habui.
324 2705 496 2793 Tandem,
512 2706 608 2800 ¹quia
629 2707 666 2777 in
685 2729 794 2778 unum
812 2730 939 2802 corpus
962 2709 1079 2779 varias
1100 2713 1252 2777 enarra-

183 2839 295 2910 tiones
312 2833 358 2911 30
380 2838 630 2933 disputationes
661 2841 830 2934 colligere
858 2844 895 2913 in
923 2843 1039 2914 animo
1064 2838 1248 2922 habebam,

185 2971 353 3043 narrandi
363 2970 457 3043 haud
473 2972 640 3046 uberiore
652 2974 725 3063 filo,
738 2975 842 3047 rebus
852 2977 962 3069 gestis
975 2972 1152 3046 Ciceronis
1167 2971 1253 3044 hre-

187 3105 331 3177 vissime
354 3103 567 3192 memoratis,
594 3106 746 3200 priorem
769 3106 963 3179 orationem
990 3105 1150 3200 sequenti
1168 3126 1255 3174 oon-
1333 3147 1336 3151 ,

182 3238 401 3337 jungendam
415 3246 546 3310 attente
562 3243 697 3330 curavi,
711 3264 752 3314 ea
769 3253 886 3314 mente
897 3250 935 3313 ut
949 3241 1148 3312 videremus
1166 3261 1254 3332 que-

140 3447 143 3454 ,
187 3371 409 3445 madmodum
426 3372 550 3476 Cicero
573 3398 642 3445 non
668 3375 779 3446 solum
799 3377 836 3446 in
853 3375 964 3469 spatio
984 3372 1139 3468 aequales
1159 3397 1252 3463 suos,

188 3506 245 3602 qui
262 3505 374 3600 prima
397 3505 573 3596 tenebant,
592 3532 713 3580 eorum
727 3509 890 3603 vestigiis
903 3509 948 3581 sit
961 3516 1176 3604 persecutus,
1195 3503 1257 3576 sed

188 3663 324 3712 summa
364 3638 501 3712 dicendi
534 3639 703 3713 facultate
736 3651 839 3738 atque
875 3640 1089 3716 admirabili¹
1108 3638 1257 3733 quadam

190 3773 336 3846 scientia
355 3781 390 3844 et
405 3773 504 3868 copia
524 3774 662 3847 eosdem
683 3799 762 3848 mox
776 3775 1010 3871 exsuperarit.

238 3910 324 3995 Quae
343 3907 428 3980 mihi
445 3906 597 3979 hocloco
621 3911 799 4003 proposita
819 3909 888 3980 s‘int
910 3908 1113 3981 denuntiavi
1131 3933 1140 4000 ;
1165 3929 1258 3979 nunc

189 4067 300 4142 pauca
314 4043 396 4113 mihi
405 4042 513 4114 verba
532 4043 692 4116 facienda
708 4044 938 4140 sunt,quibus
949 4044 1091 4116 doceam
1111 4063 1257 4138 quamo-
1301 4129 1305 4138 ,

191 4181 289 4252 brem
307 4176 492 4248 editionem
519 4174 639 4248 Turici
663 4179 812 4251 alteram
836 4179 860 4268 1,
887 4203 966 4276 quae
998 4204 1042 4251 ex
1064 4180 1107 4250 (1.
1127 4172 1260 4248 Baiteri

159 4333 163 4342 ¹
225 4349 406 4399 ¹An1101862.
