3044 4938
249 321 280 371 86
366 321 658 408 unlcmnttoltls
681 309 918 375 ORATIONUM
938 323 1203 375 nnnonnnrls
1228 291 1235 309 ·

248 435 320 508 tulo
336 427 496 522 consule,
520 461 623 533 quem
642 440 761 513 Cicero
777 451 896 535 postea
911 439 1035 512 salutis
1054 433 1232 514 auctorem
1252 465 1319 538 ap-

248 549 502 646 pellabatacT.
516 554 633 626 Annio
652 557 802 644 Milone,
826 546 1098 652 tribunoplebis
1118 557 1313 648 notissime,

248 691 318 738 non
331 669 441 739 solum
455 663 677 765 conspiravit,
699 672 897 758 sedetiam,
916 674 952 742 in
971 673 1084 744 reditu
1103 674 1213 745 nostri
1233 699 1317 747 ora-

247 785 334 855 toris
353 787 527 879 parand0,
555 788 686 858 socium
714 788 833 860 sibiet
856 788 1053 882 adjutorem
1076 789 1113 861 C.
1139 789 1316 864 Caesarem

247 901 425 993 adjunxit,
447 903 496 974 ita
514 911 565 994 ut,
595 927 766 976 consensu
784 905 889 976 totius
906 905 1047 1002 populi,
1066 903 1201 977 frustra
1222 908 1258 978 vi
1281 918 1316 982 et

246 1009 340 1093 caede
367 1018 543 1105 Clodianis
569 1018 842 1111 obsistentibus,
871 1022 929 1093 lex
957 1031 1121 1115 exoptata
1144 1019 1311 1102 ferretur.

246 1131 390 1230 Verum,
403 1135 561 1229 quamvis
574 1133 677 1206 ltalia
691 1135 764 1230 suis
778 1137 933 1208 humeris
946 1135 1150 1207 Ciceronem
1164 1136 1207 1208 ab
1218 1139 1315 1208 exsi-

230 1249 294 1320 -lio
310 1258 534 1343 reportasset,
553 1257 657 1344 atque
674 1250 711 1321 in
732 1249 809 1323 foro
828 1261 862 1322 et
880 1251 1032 1344 judiciis,
1054 1260 1091 1322 ut
1105 1260 1219 1340 antea,
1239 1253 1314 1347 ipse

245 1389 347 1459 paene
364 1366 461 1437 solus
473 1373 709 1466 regnaret,se
727 1367 765 1436 in
784 1367 965 1460 republica
983 1365 1136 1458 liberum
1152 1392 1313 1440 essenon

240 1482 315 1574 jam
325 1479 493 1574 gloriari¹
508 1490 667 1576 poterat;
683 1490 718 1552 et
731 1481 811 1551 duae
827 1505 897 1568 res,
915 1504 985 1552 una
1002 1483 1140 1576 quidem
1150 1483 1310 1572 honesta,

245 1596 372 1667 scilicet
384 1605 488 1689 grata
505 1595 756 1668 beneficiorum
775 1597 958 1684 memoria,
979 1596 1092 1668 altera
1106 1608 1223 1671 autem
1239 1600 1314 1671 uti-

207 1727 210 1733 “
244 1710 324 1798 lior,
343 1712 473 1784 scilicet
490 1711 715 1800 infirmitatis
738 1733 845 1804 quum
865 1711 1010 1783 minime
1030 1715 1137 1784 armis
1151 1715 1309 1808 polleret,

245 1828 469 1917 conscientia,
486 1828 571 1898 vitae
589 1827 739 1898 rationis
754 1826 807 1896 illi
832 1827 932 1921 quasi
953 1829 1059 1899 duces
1074 1827 1185 1917 fuere,
1204 1832 1313 1903 donec

244 1940 333 2014 bello
359 1941 467 2032 civili,
494 1941 532 2012 C.
557 1940 697 2021 Caesare
722 1949 755 2011 et
783 1940 846 2011 Gn.
873 1943 1039 2036 Pompeio
1060 1945 1310 2038 rempublicam

244 2056 527 2146 dilacerantibus
539 2064 630 2126 totus
644 2054 737 2124 orbis
748 2062 922 2126 terrarum
933 2055 1113 2148 flagraret.
1127 2059 1224 2132 Inter
1235 2084 1315 2146 e0S,

244 2174 303 2267 qui
321 2173 394 2244 suis
414 2172 555 2259 studiis,
585 2170 785 2254 laboribus,
813 2171 896 2240 vitae
916 2173 1078 2266 periculis
1106 2173 1310 2266 Ciceronem

243 2290 412 2385 complexi
426 2297 538 2376 erant,
559 2289 664 2380 longe
682 2287 859 2358 eminebat
878 2289 918 2360 Ρ.
939 2287 1111 2360 Lentulus
1128 2287 1307 2382 Spinther,

243 2406 316 2499 qui,
325 2413 403 2498 post
415 2403 645 2488 consulatum,
659 2402 815 2473 Ciliciam
827 2403 1044 2495 prouinciam
1059 2403 1203 2476 sortitus
1213 2413 1306 2488 erat;

241 2520 357 2613 itaque
375 2527 525 2611 tempus,
548 2541 615 2611 quo
634 2518 774 2589 utilitati
794 2528 828 2589 et
846 2517 973 2609 gloriae
999 2519 1100 2589 amici
1122 2519 1175 2588 sui
1191 2519 1309 2589 inser³

241 2635 354 2726 viret,
379 2657 457 2706 oum
474 2657 620 2711 summa¹
631 2634 812 2726 diligentia
831 2643 950 2704 noster
966 2637 1090 2705 Romae
1105 2633 1304 2728 quaerebat3
1416 2623 1419 2627 ’

241 2753 458 2824 occasionem
468 2760 599 2841 autem,
613 2750 705 2845 quod
719 2751 795 2821 haec
805 2751 915 2822 oratio
927 2750 1070 2836 indicat,
1090 2773 1171 2820 mox
1185 2731 1308 2821 nactus

241 2877 294 2940 est
312 2869 560 2962 gratissimam.

289 2971 368 3056 Rea
388 2983 662 3072 Alexandrinus
681 3006 783 3078 quem
803 2983 839 3052 in
863 2983 1020 3055 oratione
1045 3005 1110 3076 pro
1137 2982 1175 3051 C.
1192 2979 1306 3052 Rabi—

240 3100 292 3171 rio
318 3101 486 3172 Postumo
507 3101 735 3172 Ptolemaeum
764 3121 901 3192 semper
921 3099 1041 3170 Cicero
1065 3097 1236 3184 nominat,
1263 3096 1307 3167 ab

239 3214 503 3306 Alexandrinis,
530 3216 587 3310 qui
609 3239 702 3309 saepe
724 3215 761 3284 in
788 3238 870 3285 suos
889 3238 992 3306 reges
1015 3214 1205 3286 crudeliter
1225 3213 1307 3283 ani-

239 3316 516 3421 madvertebant,
535 3331 656 3426 pulsus
676 3341 752 3403 erat
770 3339 874 3424 atque
889 3340 1044 3402 exactus.
1063 3330 1175 3401 Causa
1188 3336 1305 3400 autem

238 3457 314 3520 erat
328 3449 416 3518 haec.
434 3447 548 3531 Quum
569 3448 612 3519 ab
634 3447 782 3541 AEgypti
799 3445 936 3536 ineolis,
959 3448 1016 3542 qui
1036 3469 1159 3540 regem
1174 3469 1194 3517 a
1208 3443 1305 3514 Sulla

236 3567 450 3660 impositum,
471 3564 572 3656 regni
586 3562 719 3634 decimo
737 3585 828 3633 nono
847 3562 915 3651 die,
935 3563 972 3632 in
991 3563 1176 3656 gymnasio
1190 3559 1305 3632 inter-

237 3679 406 3768 fecerant,
432 3687 556 3751 senatu
579 3679 702 3766 insci0,
728 3678 915 3750 advocatus
936 3689 1041 3768 esset,
1069 3702 1176 3772 quum
1194 3677 1299 3760 idem,

237 3797 318 3892 quia
327 3819 440 3891 neque
452 3818 584 3889 genere
598 3784 710 3890 neque
721 3794 820 3888 regio
836 3793 951 3864 animo
962 3817 1039 3864 esse
1045 3789 1300 3888 juclicabatur2,

236 3912 274 3982 in
296 3912 413 3984 stabili
437 3921 471 3983 et
498 3920 594 3982 certa
618 3910 835 4004 possessione
864 3933 940 3979 esse
965 3907 1093 3995 vellet,
1125 3929 1302 4004 quumque

270 4108 279 4142 ¹
298 4106 386 4155 Oratio
403 4121 449 4168 pro
465 4104 578 4164 Plancio,
595 4119 616 4153 c.
632 4118 746 4152 xxxviii.

268 4186 278 4222 ²
296 4186 384 4238 Oratio
398 4185 520 4235 adversus
532 4183 645 4240 Rullum,
661 4183 694 4241 ΙΙ,
711 4198 733 4233 c.
746 4195 801 4236 xvt.
