3024 4944
311 449 358 502 lot
415 447 663 500 FRAGMENTA
683 448 927 501 ORATIONUM
946 449 1273 501 DEPllRDlTARUM

309 576 422 632 tantos.
448 570 638 630 Versabatur
656 567 737 630 inter
752 567 807 627 hoa
823 568 956 644 Gallius,
972 570 1138 647 unguentis
1154 571 1280 640 oblitus,
1297 573 1383 632 redi-

309 677 403 739 mitus
423 677 566 738 coronis:
583 676 693 735 humus
714 680 781 736 erat
798 674 966 752 immunda,
985 677 1140 736 lutulenta
1158 677 1243 750 vino,
1260 680 1385 738 coronis

310 783 500 862 languidulis
514 788 544 842 et
560 783 656 859 spinis
668 786 810 858 cooperta
823 781 965 858 piscium.
982 779 1119 860 (Aquila,
1133 801 1159 842 c.
1178 803 1214 844 11.
1233 816 1271 828 -
1288 785 1384 855 Quin-

309 893 448 968 tilianus,
462 892 518 954 lib.
535 892 622 961 VIII,
639 909 665 951 c.
681 908 730 970 111,
747 895 777 949 et
788 891 843 951 lib.
860 892 917 967 XI,
934 911 961 952 c.
977 910 1023 952 111.
1040 927 1079 936 —
1093 893 1126 954 O.
1142 893 1207 956 Jul.
1225 893 1338 954 Victor
1351 895 1383 956 in

309 1005 376 1061 arte
390 999 569 1068 Rhetorica,
585 1017 612 1058 c.
630 997 726 1076 xxu.)

348 1108 379 1168 2.
402 1107 617 1184 Loquorenim
630 1124 697 1184 quae
713 1124 780 1166 sum
794 1107 860 1184 ipse
872 1124 970 1183 nuper
983 1113 1142 1185 expertus.
1158 1109 1246 1168 Unus
1257 1108 1382 1185 quidam

310 1221 398 1294 poeta
418 1215 601 1284 nominatus,
618 1215 707 1273 homo
721 1214 945 1290 perlitteratus,
962 1218 1049 1293 quus
1064 1223 1136 1274 sunt
1154 1217 1209 1277 illa
1229 1216 1384 1293 colloquia

310 1328 468 1400 poetarum
482 1339 518 1381 ac
532 1321 793 1408 philosophorum,
815 1339 908 1397 quum
921 1321 996 1380 facit
1009 1323 1189 1400 Euripidem
1204 1329 1235 1382 et
1250 1324 1382 1383 Menan·

310 1429 400 1490 dnum
420 1427 504 1488 inter
523 1445 567 1503 se,
588 1433 619 1486 et
639 1426 699 1486 alio
718 1427 786 1487 loco
809 1428 970 1486 Socratem
983 1433 1073 1504 atque
1094 1429 1265 1506 Epicurum
1280 1430 1384 1489 disse-

309 1540 423 1606 rentes,
437 1552 566 1610 quorum
585 1539 690 1596 aetates
711 1552 770 1592 non
788 1533 877 1594 annis
896 1533 949 1592 sed
963 1534 1076 1593 seculis
1092 1533 1205 1594 scimus
1225 1553 1295 1594 esse
1316 1536 1384 1594 dis-

305 1644 441 1719 junctas,
462 1649 589 1718 quantos
610 1642 638 1700 is
659 1641 787 1718 plausus
809 1647 840 1700 et
858 1643 1008 1700 clamores
1030 1642 1149 1700 movet!
1165 1642 1282 1702 Multos
1300 1643 1383 1702 enim

311 1750 534 1826 condiscipulos
551 1750 642 1809 habet
664 1748 696 1806 in
716 1749 848 1823 theatro,
870 1748 922 1824 qui
941 1748 1033 1807 simul
1052 1749 1174 1808 litteras
1190 1767 1250 1807 non
1265 1749 1383 1808 didice-

309 1863 384 1916 runt
396 1856 507 1934 (Divus
521 1857 739 1930 Hieronymus,
753 1855 790 1914 de
800 1855 857 1914 vit.
871 1857 964 1932 Olor,
975 1860 998 1927 t.
1017 1858 1040 1928 Ι,
1054 1875 1084 1932 p.
1097 1856 1145 1929 10,
1158 1856 1207 1918 ed.
1219 1857 1382 1936 Francos.)

348 1965 379 2023 3.
402 1967 452 2024 An
467 1963 559 2036 ista1,
573 1963 600 2022 si
610 1980 684 2022 vera
694 1967 806 2038 essent,
824 1962 868 2021 sic
879 1981 896 2021 a
906 1968 937 2022 te
945 1963 1131 2022 dicerentur.
1141 1962 1380 2042 (Quintilianus,

310 2072 365 2133 lib.
381 2074 438 2141 XI,
456 2092 482 2132 c.
501 2071 561 2151 111).

349 2181 379 2239 4.
403 2181 449 2238 Tu
463 2178 554 2252 istuc,
570 2177 614 2238 M.
631 2176 743 2249 Calidi,
758 2175 818 2235 nisi
831 2176 976 2253 fingeres,
994 2175 1039 2235 sic
1053 2177 1184 2251 ageres?
1195 2175 1381 2234 Praesertim

309 2305 401 2364 quum
418 2285 478 2344 ista
496 2283 670 2361 eloquentia
693 2283 863 2344 alienorum
885 2282 1042 2342 hominnm
1063 2281 1201 2358 pericula
1216 2281 1380 2341 defendere

308 2391 457 2450 acerrime
472 2391 582 2466 soleas,
598 2395 685 2448 tuum
696 2387 870 2465 negligeres
880 2388 892 2446 l
903 2387 965 2446 Ubi
979 2387 1084 2446 dolori
1099 2386 1161 2446 Ubi
1169 2375 1263 2447 ardor
1272 2387 1378 2455 animi,

309 2496 362 2573 qui
371 2495 463 2555 etiam
473 2513 511 2554 ex
525 2495 688 2554 infantium
702 2493 835 2570 ingeniis
851 2493 963 2555 elicere
972 2481 1066 2552 noces
1080 2499 1109 2552 et
1120 2495 1261 2569 querelas
1278 2495 1378 2554 soletl

308 2603 406 2664 Nulla
421 2602 612 2679 perturbatio
636 2602 740 2671 animi,
762 2601 846 2661 nulla
861 2601 1014 2678 corporis;
1029 2600 1115 2660 frons
1135 2620 1194 2660 non
1217 2618 1377 2678 percussa,

309 2728 369 2771 non
382 2711 501 2788 femur3
516 2709 602 2786 pedis
623 2708 715 2788 (quod
729 2707 890 2769 minimum
910 2707 970 2788 est)
990 2707 1074 2768 nulla
1089 2707 1254 2785 supplosio.
1271 2709 1379 2785 Itaque

309 2823 427 2880 tantum
449 2817 559 2892 abfuit,
581 2823 615 2876 ut
633 2817 839 2876 inflammares
858 2821 979 2876 nostros
998 2815 1139 2876 animos:
1161 2833 1302 2875 somnum
1319 2815 1379 2876 isto
1450 2891 1458 2908 ,

255 2981 256 2984 ,
307 2929 374 2988 loeo
386 2926 441 2986 vix
450 2928 639 2988 tenebamus.
656 2923 787 3005 (Cicero.
804 2926 931 2994 Brutus,
945 2943 972 2984 c.
984 2942 1081 2984 nxxx.
1096 2955 1137 2968 -
1155 2925 1376 2994 Quintilianus,

308 3036 368 3095 loc.
384 3031 452 3110 cit.)

256 3219 258 3223 .
288 3181 292 3188 ·
349 3141 379 3202 5.
401 3141 466 3216 Ego
486 3144 516 3197 te
535 3144 618 3198 certo
634 3139 698 3198 scio
715 3155 820 3199 omnes
834 3139 933 3215 logos,
958 3138 1011 3214 qui
1025 3137 1107 3196 ludis
1124 3138 1198 3197 dicti
1213 3143 1296 3208 sunt,
1314 3140 1380 3199 ani·

308 3247 521 3306 madvertisse.
535 3243 677 3324 (Nonius,
694 3264 721 3306 c.
738 3265 760 3319 1,
777 3248 871 3304 verbo
886 3244 989 3324 Logi).

348 3354 377 3412 6.
401 3353 460 3424 Qui
486 3369 596 3428 spurce
617 3352 731 3412 dictum
751 3346 1024 3412 commemorarent
1048 3353 1080 3412 in
1103 3352 1203 3412 libera
1232 3352 1374 3414 civitate.

307 3461 519 3542 (Eugraphius
534 3459 565 3518 in
580 3461 719 3518 Terentii
733 3461 884 3532 Eunoen,
899 3461 941 3535 ΙΙ,
953 3460 983 3535 2,
1002 3459 1046 3535 4.)

348 3572 378 3629 7.
400 3570 629 3628 Poematorum.
646 3565 828 3646 (Charisius,
846 3567 901 3627 lib.
919 3570 944 3635 l,
961 3585 991 3642 p.
1008 3567 1076 3628 114.
1094 3569 1151 3630 ud.
1168 3568 1318 3648 Putsch.)

335 3785 343 3818 ¹
361 3783 422 3827 Ordo
432 3783 616 3840 fragmentorum
627 3781 746 3838 paululum
759 3781 902 3824 immutatur.

682 4065 998 4074 -v———ov-——v——v--
