3024 4944
304 385 349 436 186
405 385 659 437 FRAGMENTA
680 387 920 440 catatonum
942 385 1267 438 DEPE'RDITARUM

300 505 476 578 credimus,
490 505 700 565 Enceladum
713 507 878 581 deJectnm
897 516 994 585 atquc
1008 507 1201 566 semiustum
1215 509 1368 582 lncposito

299 613 411 671 insola
429 614 567 688 operuit,
590 614 652 682 cel,
674 621 715 671 act
733 615 797 673 alii
811 617 937 686 calmet,
955 615 1138 690 Typhonem
1158 613 1256 687 cujus
1271 610 1370 693 ante]

300 719 356 776 litu
379 717 388 754 ¹
409 719 539 778 AEtnam
562 719 672 778 ardere
695 719 811 794 dicunt,
833 720 878 780 sic
901 721 1033 780 Verrem
1052 719 1243 795 operuissem
1264 719 1371 778 Sicilia

301 828 379 886 teste
395 829 469 884 tota.
492 826 539 884 Tu
562 843 622 884 uno
641 826 916 903 comperendinasti
939 809 1027 886 ream
1047 832 1127 884 teste
1146 825 1306 902 producto.
1332 828 1372 884 At

300 951 358 1008 quo
384 933 482 992 testei
506 931 548 991 dii
572 931 777 994 immortales!
803 936 873 995 Non
898 935 973 994 satis
1000 935 1172 1011 quodum,
1202 949 1261 991 non
1291 931 1373 1007 quod

300 1042 415 1117 ignoto,
433 1059 491 1100 non
508 1040 586 1116 quod
599 1041 661 1100 levi
677 1062 684 1100 ε
701 1041 832 1102 etiamne
846 1043 973 1132 Valerio
986 1048 1066 1102 teste
1075 1044 1206 1120 primam
1221 1043 1373 1103 actionem

299 1147 468 1219 confecisti,
494 1148 557 1224 qui,
578 1148 676 1224 patris
696 1149 742 1208 tui
760 1148 907 1208 beneficio
926 1148 1051 1208 civitate
1071 1149 1213 1223 donatus,
1238 1149 1374 1227 gratiam

299 1255 356 1314 tihi
369 1272 428 1314 non
444 1254 619 1316 illustribus
634 1255 755 1332 officiis,
777 1257 831 1316 sed
850 1255 1012 1316 manifesto
1026 1256 1162 1334 perjurio
1183 1257 1318 1317 rettulit.

338 1363 387 1424 30.
413 1364 500 1434 Quod
514 1363 539 1422 si
553 1370 584 1422 te
598 1381 685 1422 omen
701 1361 832 1422 nominis
848 1362 946 1422 vestri
960 1362 1039 1422 forte
1056 1362 1156 1438 duxit,
1173 1381 1228 1422 nos
1243 1361 1254 1397 ²
1268 1369 1373 1422 tameo

299 1456 330 1528 td
352 1487 437 1528 more
456 1473 618 1548 majorum,
641 1469 711 1544 quia
729 1469 864 1529 faustum
888 1475 1041 1546 putamus,
1059 1488 1117 1529 non
1138 1471 1176 1530 ad
1188 1469 1370 1547 perniciem,

298 1594 408 1636 verum
421 1577 459 1636 ad
478 1577 607 1636 salutem
628 1577 879 1654 interpretamur.
904 1578 965 1637 Sed
982 1577 1080 1637 omnia
1101 1577 1162 1636 ista
1175 1577 1320 1636 celeritas
1336 1595 1372 1636 ac

299 1681 466 1761 festinatio,
491 1684 570 1760 quod
593 1683 834 1760 inquisitionem,
852 1685 932 1760 quod
955 1683 1090 1761 priorem
1107 1683 1258 1743 actionem
1273 1689 1373 1744 totam

298 1789 462 1864 sustulisti,
485 1790 563 1850 illud
583 1791 723 1867 patefecit
743 1796 774 1850 et
797 1790 979 1864 illustravit,
998 1792 1076 1867 quod
1092 1793 1246 1852 occultum
1263 1788 1372 1851 'tamen

299 1912 357 1953 non
373 1901 450 1971 erat,
467 1914 527 1955 non
537 1915 604 1956 esse
617 1898 674 1956 hoc
685 1896 837 1974 judicium
847 1897 970 1974 judicii,
984 1898 1037 1956 sed
1052 1897 1245 1957 comitiorum
1256 1916 1373 1959 consu-

298 2002 410 2062 larium
427 2021 519 2064 causa
534 2010 754 2081 comparatum.

337 2111 386 2170 31.
410 2111 469 2170 Hic
483 2129 540 2187 ego
555 2112 689 2188 Appium
704 2112 875 2181 Claudium,
893 2113 1049 2172 consulem
1061 2111 1263 2172 fortissimum
1277 2118 1372 2189 atque

298 2217 526 2278 ornatissimum
540 2217 654 2289 virum,
668 2233 856 2294 mecumque,
869 2225 903 2278 ut
913 2237 1013 2296 spero,
1024 2219 1107 2278 fideli
1121 2220 1154 2278 iu
1169 2219 1303 2296 gratiam
1319 2238 1372 2278 re-

297 2323 365 2381 ditu'
385 2322 535 2400 firmoque
561 2328 768 2402 conjunctum,
796 2326 882 2385 nullo
909 2326 987 2400 loco,
1014 2327 1148 2404 judices,
1172 2328 1380 2403 vituperab0.·

297 2430 434 2488 Fuerant
452 2431 532 2490 enim
552 2449 595 2489 eae
609 2436 711 2506 partes
726 2435 779 2491 aut
797 2435 865 2509 ejus
880 2450 969 2508 quem
987 2431 1019 2492 id
1033 2432 1135 2492 facere
1149 2433 1236 2494 dolor
1251 2440 1282 2494 et
1295 2453 1372 2496 sus-

296 2535 375 2612 picio
390 2554 445 2596 sua
460 2537 569 2613 coegit,
583 2542 657 2596 aut³
671 2541 737 2616 ejus
752 2539 804 2614 qui
818 2540 873 2598 has
889 2538 949 2598 sibi
962 2545 1065 2616 partes
1081 2540 1270 2617 depoposcit,
1287 2541 1370 2616 quod

297 2649 350 2702 aut
364 2661 423 2701 non
439 2640 702 2704 animadvertebat
716 2663 805 2721 quem
819 2645 961 2722 violaret,
972 2652 1026 2705 aut
1044 2645 1166 2706 facilem
1180 2646 1238 2706 sibi
1253 2645 1320 2705 fore
1333 2646 1369 2704 in

296 2751 428 2826 gratiam
442 2751 576 2811 reditum
588 2751 808 2812 arbitrabatur.

334 2857 383 2916 32.
401 2858 467 2933 Ego
477 2863 596 2918 tentum
605 2857 704 2918 dicam
716 2859 795 2934 quod
809 2866 840 2919 et
852 2877 951 2920 causae
968 2860 1044 2919 satis
1055 2859 1125 2920 etin
1140 2860 1229 2922 illum
1240 2860 1369 2922 minime

295 2964 405 3021 durum
425 2970 476 3022 aut
490 2982 631 3041 asperum
646 2967 743 3043 possit
758 2985 836 3026 esse.
860 2967 939 3037 Quid
957 2966 1037 3027 enim
1056 2966 1147 3027 habet
1162 2967 1368 3045 turpitudinis

296 3070 427 3146 Appium
440 3071 601 3130 Claudium
613 3074 656 3132 M.
675 3073 790 3134 Scauro
804 3091 873 3132 esse
889 3073 1070 3134 inimicum?
1086 3074 1184 3144 Quidt
1199 3093 1277 3134 avus
1296 3079 1366 3153 ejus

296 3175 334 3235 P.
358 3175 504 3235 Africano
524 3196 583 3239 non
604 3177 682 3239 fuitt
697 3180 796 3252 Quid?
817 3180 892 3238 mihi
913 3180 973 3256 ipsi
992 3181 1074 3241 idem
1096 3181 1174 3241 istel
1190 3182 1293 3251 Quidf
1307 3199 1366 3258 ego

295 3282 361 3341 tnta
385 3283 459 3353 Quae
481 3276 652 3345 inimicitia
676 3287 813 3346 dolorem
839 3288 960 3363 utrique
990 3294 1130 3348 nostrum
1152 3287 1286 3348 fortasse
1306 3287 1368 3346 aii-

294 3390 425 3464 quando,
438 3390 568 3452 dedecus
587 3410 662 3452 vero
675 3401 759 3453 certe
773 3411 928 3470 nunquam
945 3395 1125 3455 attulerunt.

333 3498 383 3556 33.
408 3498 586 3558 Successori
601 3499 743 3560 decessor
762 3501 876 3563 invidit
890 3507 919 3560 et
936 3501 1035 3559 voluit
1049 3519 1118 3560 eum
1128 3518 1218 3576 quam
1230 3501 1364 3560 maxime

293 3602 452 3677 offensum,
467 3622 525 3680 quo
542 3605 641 3681 magis
655 3605 754 3682 ipsius
767 3605 914 3675 memoria
929 3604 1114 3663 excelleret:
1130 3619 1181 3663 res
1199 3621 1259 3664 non
1274 3605 1364 3664 modo

294 3727 353 3768 non
368 3711 537 3770 abhorrent
557 3729 575 3770 a
589 3689 819 3782 consuetudine,
842 3711 895 3770 sed
910 3711 1022 3771 usitata
1045 3710 1210 3780 etiamnum
1225 3715 1257 3770 ct
1271 3711 1363 3770 valde

320 3979 330 4014 ¹
348 3977 415 4022 Haec:
437 3981 483 4023 litu
500 3978 687 4038 AEtacmusque
703 3982 740 4028 ad.
758 3985 809 4031 531
829 3984 935 4038 suspicio
954 3995 999 4027 sno
1018 3983 1094 4038 coepit
1114 3981 1184 4026 habet
1202 3982 1268 4027 colus
1286 3983 1361 4026 codex

294 4049 470 4094 Ambrotianuc.

322 4121 333 4155 2
346 4123 411 4167 Haec:
427 4135 470 4174 nos
482 4128 562 4168 tanton
572 4125 597 4169 id
606 4136 674 4169 more
683 4130 808 4181 majoram
820 4127 889 4171 habet
898 4127 986 4171 scholia
996 4126 1126 4171 Bobieusia.

320 4189 331 4222 ³
343 4192 412 4235 Herc:-
425 4199 468 4235 ent
479 4196 533 4246 ejus
543 4217 554 4226 ·
568 4218 579 4227 ·
590 4195 656 4244 sama
667 4199 829 4241 detraxerint.
841 4204 853 4246 ἓ
864 4199 890 4242 36
903 4197 990 4242 habent
1001 4196 1167 4240 Ambrosianus
1178 4200 1201 4239 et
1211 4193 1361 4238 'laurinensis

292 4262 388 4307 cortices.
