3044 4938
318 372 468 452 ⁴(let‘l'lO
490 372 538 422 ΒΕ
560 371 901 436 PROSCRlPTORUM
923 373 1086 424 nrnnnls
1170 349 1178 360 .
1207 373 1237 424 63

170 490 287 562 docuit
305 515 312 561 :
333 514 352 559 «
375 489 453 582 Ego
477 487 718 562 adolescentes
735 489 844 562 bonos
869 499 903 562 et
927 488 1050 579 fortes,
1073 491 1135 562 sed
1157 513 1237 564 usos
1272 511 1276 519 ·

172 625 215 678 ca
231 607 432 678 conditione
445 595 608 698 fortunae,
621 615 671 695 ut,
686 608 715 680 si
730 616 846 678 essent
864 608 1093 700 magistratus
1107 608 1235 702 adepti,

172 722 372 816 reipublicae
392 730 518 794 statum
543 724 743 794 convulsuri
762 726 986 812 viderentur,
1008 725 1092 796 meis
1113 725 1238 795 inimi-

172 836 295 927 citiis¹,
321 836 419 910 nulla
438 845 580 910 senatus
601 838 695 910 mala
713 841 842 932 gratia,
866 840 1083 920 comitiorum
1101 840 1239 922 ratione
1290 871 1292 882 ·

172 952 331 1045 privavi,
357 976 375 1022 u
401 961 437 1023 at
457 976 525 1046 qua
545 957 872 1046 argumentatione,
900 956 936 1026 in
962 954 1176 1026 cohortando
1199 977 1239 1026 ac

172 1069 363 1160 suadend0,
379 1057 566 1143 utilitatem
584 1071 757 1146 honestati
770 1073 806 1144 in
821 1072 920 1144 civili
933 1069 1071 1142 ratione
1085 1093 1162 1141 esse
1176 1093 1239 1142 an-

167 1179 404 1278 teponendam
419 1185 657 1274 confirmaret,
679 1211 793 1282 neque
811 1211 854 1258 err
866 1187 910 1258 iis
929 1185 1072 1258 vocibus
1090 1209 1239 1280 nequeo
1349 1193 1350 1198 ’

170 1299 248 1371 loco
262 1322 283 1372 a
303 1300 520 1384 Quintiliano
535 1310 716 1374 asservato
731 1310 926 1373 monstrare
940 1323 1139 1395 possumne.
1157 1302 1239 1373 Ete-

170 1415 257 1502 nim,
270 1417 395 1488 ceteris
405 1417 556 1506 omissis,
571 1417 810 1489 tantummodo
821 1427 860 1487 ut
869 1415 1080 1492 docerentur
1084 1419 1238 1511 juvenes

170 1554 237 1625 quo
256 1532 426 1626 asperitas
444 1531 614 1602 orationis
633 1530 734 1601 modo
750 1529 818 1602 alio
838 1529 952 1601 colore
971 1532 1015 1602 sit
1029 1510 1233 1620 mollienda,

169 1671 213 1719 ex
228 1647 293 1722 hac
311 1649 469 1722 oratione
482 1647 545 1720 ille
559 1647 678 1719 rhetor
692 1671 836 1718 versum
853 1642 983 1718 istum2
997 1647 1233 1742 deprompsit:
1291 1731 1293 1737 ,

171 1788 189 1834 ι(
210 1763 302 1846 Quid
320 1764 412 1835 enim
432 1761 610 1836 crudelius
628 1783 731 1856 quam
749 1761 909 1834 homines
932 1761 1087 1834 honestis
1101 1785 1237 1856 paren-

168 1877 263 1950 tibus
274 1901 314 1950 ac
331 1876 398 1970 maj
405 1877 523 1948 oribus
534 1884 666 1951 natosa
680 1874 859 1970 republica
875 1877 1114 1948 summoverit
1130 1903 1148 1948 u
1166 1878 1235 1973 Ap·

167 2005 267 2091 paret
281 1993 433 2091 quidem,
451 2019 495 2068 en
507 1997 551 2066 iis
571 1993 705 2090 quaein
724 1995 950 2068 Institutione
964 1997 1118 2068 oratoria
1134 1996 1236 2070 Cice-
1283 2039 1285 2046 ·

167 2113 263 2184 ronis
281 2111 391 2184 verba
410 2121 618 2206 sequuntur,
637 2112 830 2183 orationem
849 2110 963 2198 illam,
981 2133 1058 2205 quae
1073 2112 1231 2206 simplex,

166 2226 309 2322 gravis³
328 2237 362 2299 ot
384 2227 566 2300 sententiis
585 2224 735 2300 debebat
754 2228 911 2299 ornatior
931 2249 1128 2320 essequam
1146 2251 1232 2298 ver-

166 2344 241 2435 bis„
266 2343 414 2430 induas
441 2351 560 2438 partes
589 2365 664 2414 esse
694 2341 866 2429 divisam,
894 2364 1041 2437 quarum
1061 2341 1097 2413 in
1119 2343 1232 2416 altera

165 2483 287 2532 eorum
307 2468 436 2532 sortem
456 2457 704 2553 fortunamque
720 2455 935 2552 deplorabat,
954 2480 1115 2551 quorum,
1132 2459 1232 2532 hasta

164 2577 292 2670 posita,
308 2577 478 2672 praeconis
492 2576 569 2647 voci
583 2575 830 2670 patrimonium
841 2574 1038 2667 subjectum
1049 2582 1137 2655 erat,
1152 2575 1232 2668 qui-

164 2715 232 2785 que
246 2693 283 2761 in
301 2715 365 2764 sua
379 2692 494 2786 patria
509 2715 572 2784 pro
586 2690 708 2760 incolis
727 2712 797 2759 non
813 2712 876 2783 pro
894 2687 1033 2759 ciuibus
1048 2696 1170 2774 erant;
1193 2689 1230 2759 in

164 2806 276 2878 altera
298 2816 414 2878 autem
437 2832 454 2876 ι(
476 2808 524 2878 ita
544 2805 680 2898 legibus
701 2803 815 2876 Sullae
833 2803 1006 2876 contineri
1026 2811 1156 2876 statum
1175 2805 1231 2874 ci·
1295 2854 1297 2858 -

164 2921 283 2994 vitatis
293 2923 560 3009 affirmabat,ut,
571 2921 625 2992 his
641 2920 773 3008 solutis,
788 2928 882 2992 stare
891 2921 967 3014 ipsa
977 2943 1047 2990 non
1057 2927 1192 3014 posset3
1209 2944 1227 2988 u

163 3036 310 3107 ulterius
335 3045 452 3109 tamen
473 3038 660 3131 procedere
678 3059 748 3106 non
768 3034 860 3125 licet,
883 3059 923 3107 ac
942 3059 1166 3132 nequaquam
1187 3038 1229 3108 iis

163 3153 334 3224 assentior
352 3155 408 3248 qui
433 3153 611 3225 consulem
631 3151 814 3224 timuissel
833 3153 1016 3228 declarant
1038 3177 1093 3239 ne,
1117 3155 1147 3223 si
1163 3155 1230 3247 ju-

162 3291 270 3339 venes
290 3267 342 3338 illi
361 3269 546 3362 imperium
567 3276 793 3362 occuparent,
816 3277 953 3340 veteres
970 3267 1228 3343 ulciscerentur

161 3383 325 3477 injurias.
344 3383 548 3455 Verisimile
571 3392 622 3455 est
645 3391 777 3471 autem,
802 3393 840 3455 ut
857 3384 996 3478 opinor,
1018 3407 1097 3456 eum
1118 3385 1228 3458 multo

159 3497 373 3570 firmioribus
387 3507 492 3593 atque
507 3497 760 3572 efficacioribus
774 3499 866 3592 apud
877 3498 1036 3570 homines
1046 3500 1135 3570 bene
1149 3501 1228 3572 ins-

159 3816 160 3826 *
194 3831 202 3864 ¹
219 3829 282 3878 Haec
296 3830 371 3879 rerba
389 3846 446 3879 curn
466 3831 521 3881 loco
536 3831 667 3881 notissimo
682 3831 759 3880 Plinii
780 3829 883 3894 majoris
898 3829 1120 3880 vehementissime
1138 3845 1229 3894 repug-
1272 3857 1274 3862 ·

160 3912 222 3956 nant
241 3925 246 3956 :
264 3925 277 3955 ι(
292 3910 329 3958 Te
343 3915 439 3969 orante,
451 3911 550 3970 Cicero,
565 3913 763 3976 proscriptorum
778 3911 872 3959 liberos
885 3911 995 3960 honores
1010 3915 1094 3976 petere
1107 3909 1227 3974 puduit.»

161 4013 188 4021 —
205 3986 262 4035 Lib.
277 3987 333 4045 Vll,
346 4003 368 4037 c.
379 4002 456 4039 xxx1.

192 4064 202 4100 ²
218 4065 396 4128 Quintilianus,
407 4069 451 4118 lib.
467 4070 511 4125 XI.
527 4086 550 4118 c.
564 4085 581 4120 1.

192 4144 203 4179 ³
219 4145 374 4197 partitiones
388 4150 514 4208 oratoriae,
527 4165 550 4200 c.
563 4165 648 4210 xxrrr.

193 4227 203 4262 ⁴
221 4224 350 4284 Ciceronis
364 4229 515 4291 fragmenta,
531 4235 636 4280 curante
650 4231 678 4280 ll.
696 4231 820 4290 lemnius,
