3044 4938
302 449 333 499 ot
428 449 477 498 nu
494 447 706 498 crcuuours
724 417 965 495 ouuriouuu
983 445 1245 496 ruuouuurrs

302 576 366 655 est,
380 567 409 636 si
428 565 623 638 oausam'P.
640 565 772 636 Vatinii
791 566 928 660 penitus
942 565 1141 658 perspicere
1160 587 1201 636 ac
1214 588 1365 657 cognos-

300 705 381 754 cere
395 683 623 754 voluerimus

349 799 499 886 Omnes,
537 796 594 890 qui
618 796 675 868 vel
705 793 937 889 primoribus1
960 792 1071 865 labris
1093 795 1231 866 dicendi
1255 805 1363 887 artem

299 914 391 1008 apud
409 915 587 984 Romanos
606 913 812 1003 attigerunt,
836 911 973 1003 magnis
991 909 1153 982 laudibus
1172 911 1271 982 Calvi
1292 913 1364 982 elo-

298 1028 472 1123 quentiam
487 1027 656 1112 extulere,
668 1036 771 1122 atque
785 1027 882 1097 istius
892 1022 1138 1120 properatam²
1149 1036 1296 1098 mortem
1307 1025 1363 1097 do·

297 1143 440 1234 flevere,
458 1166 536 1237 quae
555 1143 682 1215 litteris
702 1143 821 1216 latinis
834 1167 906 1214 -nou
921 1141 1094 1214 mediocre
1110 1143 1277 1214 damnum
1291 1143 1363 1214 sinc

297 1260 399 1331 dubio
419 1260 547 1332 attulit.
569 1260 733 1332 Attamen
752 1258 848 1329 Galvi
870 1258 1147 1330 existimatorum
1166 1259 1293 1354 duplex
1314 1269 1363 1330 est

296 1399 422 1469 genus.
450 1375 564 1458 Quum
588 1376 680 1448 enim
703 1376 754 1446 illi
778 1399 857 1446 cum
879 1375 1046 1446 Cicerone
1070 1374 1182 1446 laudis
1201 1376 1361 1447 oratoriar

297 1500 390 1563 essct
405 1501 603 1577 certamem
627 1515 732 1598 quum
751 1491 882 1578 anime,
904 1503 942 1560 ut
961 1489 1010 1560 ita
1035 1489 1159 1578 dicam,
1181 1489 1361 1583 paululum

296 1617 417 1680 noster
433 1616 640 1700 angeretur,
668 1606 914 1702 quodquidam
934 1606 1135 1678 adolescens
1159 1629 1230 1676 non
1252 1606 1361 1677 solum

296 1748 332 1796 se
351 1722 515 1793 aemulum
535 1722 595 1793 sed
610 1722 714 1793 etiam
730 1721 795 1815 ipsi
809 1721 945 1793 dicendi
959 1721 1082 1814 gloriae
1097 1721 1359 1794 obtrectatorem

295 1861 372 1910 esse
390 1839 636 1932 profiteretur;
664 1861 860 1933 quumque,
891 1861 957 1932 quo
982 1845 1136 1932 tempore
1159 1837 1285 1930 gloriae
1304 1862 1361 1910 sc-

296 1954 435 2025 niorum
458 1953 698 2024 succrescebat
721 1954 871 2042 Calvum
894 1965 967 2025 tum
992 1954 1029 2025 in
1052 1955 1268 2026 orationibus
1289 1964 1359 2026 turn

294 2069 331 2142 iu
364 2070 577 2143 carminibus
596 2067 609 2110 ³
629 2070 804 2142 lacessere
832 2071 961 2142 soleret
989 2070 1165 2142 Gaesarem
1195 2079 1229 2142 et
1255 2073 1359 2143 Poma

294 2187 423 2282 peium‚
447 2209 594 2281 quorum
618 2186 739 2257 Cicero
769 2196 928 2258 evaserat
955 2187 1081 2274 socius,
1108 2187 1248 2280 adjutor
1271 2187 1359 2258 ami-

294 2325 424 2397 cusque
450 2327 457 2371 :
485 2300 568 2372 alii4
597 2303 633 2372 M
639 2357 646 2371 .
675 2301 783 2372 Tullii
807 2304 1019 2374 sententiam
1042 2303 1151 2375 secuti
1169 2311 1264 2390 sunt,
1288 2303 1356 2398 qui,

295 2414 449 2489 3013133ὅ
469 2426 504 2488 31
528 2417 668 2488 enervis
691 2439 712 2488 a
737 2417 844 2488 Calvo
867 2417 1018 2506 habitus,
1043 2417 1189 2489 Calvum
1208 2417 1358 2489 habebat

294 2555 510 2626 exsanguem
526 2544 561 2605 31
577 2536 750 2622 attritum,
767 2536 894 2630 quique
909 2536 951 2607 de
965 2534 1041 2624 illo,
1059 2536 1090 2606 si
1104 2558 1174 2607 non
1188 2535 1356 2630 iniquum,

295 2649 479 2720 molestum
490 2659 583 2721 certe
592 2647 764 2742 judicium
774 2649 872 2736 tulit3
886 2647 964 2720 alii6
977 2660 1107 2738 autem,
1121 2651 1238 2722 nonin
1252 2651 1360 2722 verba

295 2766 454 2858 magistri
468 2765 644 2858 jurantes
665 2766 738 2851 sed,
760 2765 859 2836 libris
879 2766 979 2837 Calvi
998 2767 1173 2861 perlectis,
1190 2767 1285 2838 illius
1302 2764 1360 2836 fa-

294 2881 460 2952 cultatem
474 2880 614 2953 dicendi
633 2889 826 2969 censentes,
843 2905 913 2952 non
928 2881 1041 2952 solum
1056 2881 1264 2952 concitatum
1277 2903 1359 2951 ora-

294 3005 405 3068 torem
423 3019 499 3068 esse
518 3007 552 3067 et
571 2997 714 3091 plenum
736 2997 891 3087 ingentis
913 2997 1019 3068 animi
1039 2998 1272 3082 aestimarunt,
1300 2996 1360 3066 sed

294 3111 398 3181 ctiam
421 3111 457 3180 in
472 3111 592 3182 eodem
605 3112 677 3181 vim
698 3111 938 3183 Demosthenis
953 3121 988 3183 et
1002 3111 1287 3205 compositionem
1306 3111 1354 3178 oi-

293 3234 402 3297 tatam
416 3227 596 3298 invenere.
617 3226 780 3299 Ceterum
794 3228 831 3297 in
846 3227 913 3297 hoc
927 3227 1089 3299 Ciceroni
1103 3225 1206 3298 fidem
1219 3225 1359 3296 omnino

291 3341 422 3414 habere
439 3339 581 3414 difficile
600 3352 651 3414 est
666 3371 674 3425 ς
700 3343 762 3415 ille
785 3345 876 3414 enim
895 3341 1023 3414 Calvo⁷
1041 3343 1111 3413 vim
1129 3340 1286 3416 doluisse
1301 3337 1357 3411 af-

323 3563 332 3598 ¹
351 3561 460 3619 Plinius,
475 3562 562 3621 Risu,
576 3561 622 3610 lib.
638 3560 696 3618 vu,
710 3577 731 3609 c.
748 3577 821 3611 xurx.
836 3590 864 3596 -
878 3561 1000 3622 Velleius,
1013 3562 1059 3611 lib.
1076 3563 1108 3620 11,
1124 3579 1147 3610 c.
1161 3577 1256 3612 xxxvi.
1267 3587 1295 3596 -
1312 3561 1359 3611 Co·

290 3639 401 3698 lumella,
417 3640 448 3689 de
461 3639 500 3688 Re
515 3639 617 3690 rustica.
630 3638 675 3688 lib.
690 3641 708 3687 1.
726 3665 756 3677 -
769 3639 911 3704 Appuleius
925 3642 951 3690 in
973 3641 1102 3706 apologia,
1124 3647 1142 3691 t.
1157 3641 1189 3691 11.
1208 3669 1236 3678 ·-
1252 3641 1357 3692 Fronto.

309 3719 386 3770 ,ltu

290 3734 306 3783 p
321 3800 333 3835 ²
349 3800 466 3850 Mortuus
479 3805 518 3850 est
532 3801 639 3865 triginta
652 3802 764 3868 quinque
777 3819 857 3854 annos
871 3809 954 3854 natus.

320 3881 333 3917 ³
349 3881 454 3941 Sueten,
471 3883 565 3944 Caesar,
581 3899 603 3932 c.
617 3899 691 3933 xmx.

321 3962 332 3998 ⁴
349 3960 523 4020 Quintilianus
537 3967 563 4013 31
576 3963 687 4014 Tacitus.

320 4041 332 4080 ⁶
348 4040 462 4101 Tacitus,
479 4044 509 4093 dc
525 4044 684 4102 Oratoribus,
699 4059 722 4094 c.
738 4058 815 4095 xvur.

319 4122 447 4172 ‘Plinius
466 4125 500 4184 J.,
524 4125 582 4188 Ep,
608 4124 651 4173 lib.
677 4125 711 4183 ΙΙ,
732 4139 773 4187 ep.
799 4138 823 4185 ις
842 4127 948 4184 Seneca
969 4126 1219 4188 controversiarum,
1241 4130 1285 4180 lib.
1311 4127 1355 4187 tu,

289 4219 436 4334 ο’7111111313
451 4283 483 4332 ud
499 4281 666 4344 Trebonium,
682 4283 725 4334 lib.
742 4286 776 4346 11,
792 4300 830 4349 ep.
846 4297 904 4336 xxi.
