3024 4944
272 374 318 424 1111
373 373 626 426 FRAGMENTA
648 370 890 424 ORATIONUM
912 369 1239 422 ournnol'rnltunt

659 859 717 914 111.
738 857 947 913 —ORATIO
1048 861 1057 872 ‘

497 999 585 1044 ollula
605 999 756 1042 QUAESTOR
773 999 911 1036 atarneo
928 999 1122 1036 DECEDERET

608 1147 812 1202 insonandum
826 1169 1004 1202 uranonrcom

315 1292 401 1350 Hanc
414 1291 581 1352 orationem
601 1291 691 1352 hodie
706 1291 738 1350 in
758 1293 899 1362 manibus
914 1295 1026 1353 habere
1041 1313 1100 1354 non
1116 1311 1244 1372 prorsus
1260 1301 1341 1354 esset

275 1398 395 1472 inutile,
408 1404 570 1476 propterea
589 1400 668 1476 quod
685 1399 853 1476 Ciceronis,
865 1404 931 1480 jam
950 1401 1114 1461 ambitione
1136 1401 1288 1478 occupati,
1305 1403 1341 1460 ad

276 1508 406 1566 honores
420 1505 630 1582 adipiscendos
644 1505 768 1568 vivendi
781 1509 905 1567 cursum
919 1507 990 1566 inde
1001 1514 1107 1567 tenere
1117 1513 1208 1584 atque
1222 1507 1341 1567 intelli-

276 1631 348 1690 gere
355 1630 523 1690 possemus.
536 1613 653 1690 Quippe
663 1613 726 1690 qui,
739 1631 831 1690 quum
843 1633 902 1673 non
916 1614 1042 1684 Siculis,
1053 1615 1117 1683 sed,
1131 1614 1216 1673 utita
1230 1615 1341 1688 dicam,

277 1720 356 1798 apud
376 1719 497 1780 Siculos
511 1721 622 1796 populo
640 1737 765 1780 romano
780 1722 875 1780 verba
889 1720 1015 1790 faceret,
1029 1739 1183 1798 quumque
1201 1722 1343 1780 aedilitati

279 1845 341 1886 suae
352 1829 417 1904 jam
431 1825 630 1904 prospiceret,
642 1828 732 1904 plane
746 1832 776 1886 et
789 1833 904 1904 aperte,
921 1827 1001 1886 haud
1016 1827 1107 1888 aliter
1122 1846 1212 1904 quam
1227 1828 1259 1886 in
1275 1847 1344 1889 ora-

279 1933 360 1993 tione
384 1949 439 2008 pro
463 1932 615 2010 Cornelio,
633 1933 787 1994 debuisset
809 1934 947 2011 profiteri
965 1953 1040 2012 quas
1060 1935 1270 2012 suscipiendas
1287 1935 1343 1994 sibi

278 2045 382 2118 partes
403 2038 435 2098 in
454 2038 612 2115 republica
629 2040 859 2117 proposuisset3
876 2058 986 2100 verum
1005 2059 1042 2102 ex
1058 2060 1118 2102 uno
1136 2060 1232 2102 versu
1248 2061 1344 2120 neque

279 2147 342 2206 ulla
355 2146 495 2206 divinare
510 2164 606 2222 neque
619 2146 774 2207 affirmare
785 2147 868 2206 licet.

320 2256 431 2314 Habita
443 2259 489 2314 est
499 2255 598 2314 oratio
608 2256 693 2314 (loss.
704 2255 738 2314 L.
757 2253 874 2314 Licinio
889 2256 1029 2332 Lucullo,
1042 2257 1085 2314 M.
1103 2256 1232 2316 Aurelio
1244 2258 1342 2332 Cotta,

279 2381 358 2424 anno
371 2363 409 2420 74
422 2367 491 2421 ante
505 2362 591 2421 1.-(1.
605 2395 644 2404 -
659 2364 748 2420 Anno
763 2361 918 2422 Ciceronis
932 2363 982 2422 33.

320 2468 407 2540 Quod
420 2486 478 2528 non
488 2468 659 2528 detrectare
674 2468 815 2526 militiam
826 2469 879 2528 sed
891 2468 1253 2547 defendereprovinciam
1261 2470 1344 2549 judi-

280 2581 347 2638 cata
360 2580 415 2636 est.
433 2572 618 2654 (Arusianus
633 2575 765 2650 Mersus,
778 2594 808 2652 p.
822 2574 892 2636 226.
909 2575 1016 2654 Lind.)

519 3257 569 3320 ru
592 3287 623 3297 -
644 3219 802 3313 ORnTlo
827 3259 908 3313 rno
933 3262 965 3314 r.
986 3259 1108 3312 ormo

614 3449 815 3482 ,indomitarum
831 3447 1010 3480 llls'ronlctttlt

319 3586 497 3646 Orationem
511 3602 566 3662 pro
579 3585 675 3662 Oppio
688 3583 833 3644 amissam
843 3583 934 3642 valde
946 3581 1168 3658 desideramus,
1180 3582 1251 3658 quia
1266 3599 1350 3642 exea

278 3693 344 3754 sine
365 3693 456 3752 dubio
471 3692 658 3752 disceremus
673 3710 812 3769 quaenam
827 3695 929 3750 essent
950 3689 982 3747 in
997 3689 1165 3766 provinciis
1184 3694 1214 3747 et
1233 3688 1348 3748 itinera

277 3799 431 3875 legionum
451 3805 481 3858 et
500 3798 638 3857 hiberna.
656 3799 718 3858 lete
732 3798 813 3857 enim
828 3802 961 3874 quaestor
981 3795 1109 3872 Oppius,
1130 3795 1181 3872 qui
1196 3795 1347 3856 cibarium

277 3906 427 3966 militibus
447 3906 608 3965 detrahere
631 3907 834 3981 arguebatur,
861 3908 965 3962 utrum
989 3902 1148 3980 pecuniam
1171 3921 1209 3962 ex
1234 3905 1348 3962 aerario

277 4015 485 4091 depromptam
495 4015 601 4074 Romae
615 4013 646 4071 in
662 4017 812 4089 quaestum
828 4010 1007 4086 reliquerat,
1023 4013 1114 4086 atque
1127 4009 1205 4068 banc
1219 4011 1257 4067 ob
1274 4027 1348 4068 oan-

277 4142 341 4184 sam
354 4121 505 4182 infinitam
516 4121 673 4198 praedandi
684 4119 882 4181 licentiamin
897 4119 1057 4196 provincia
1072 4099 1163 4177 dabat
1177 4116 1343 4192 militibus;

276 4248 314 4290 an
325 4247 362 4288 ex
371 4228 486 4288 cibario
496 4229 617 4289 lucrum
626 4227 767 4303 faciebat,
780 4231 915 4302 quaestus
925 4231 1026 4284 autem
1040 4224 1154 4284 socium
1170 4242 1207 4283 ne
1222 4225 1345 4284 haberet
