3024 4944
303 372 348 424 17⁴
403 372 651 426 FRAGMENTA
674 377 912 428 ORATIONUM
934 378 1262 428 usrnnmrnnunt

286 499 464 572 perpetuam
477 495 680 556 conditionem
691 496 815 573 vimque
825 496 966 556 victoriae
975 497 1126 558 adversus
1136 498 1244 558 Romae
1255 498 1364 560 hostes

287 620 348 662 non
361 602 500 662 breviter
513 619 548 663 ao
563 621 637 662 vere
649 604 827 680 complexu·
845 609 938 664 esset.

327 709 438 769 Habita
456 715 504 770 est
522 709 621 768 oratio
644 713 730 771 Coss.
754 713 811 771 Gn.
834 712 980 772 Cornelio
1001 712 1134 772 Lentulo
1161 712 1359 785 Marcellino,

288 816 324 874 L.
339 816 455 876 Marcio
466 817 623 893 Philippo,
640 836 718 876 anno
733 818 773 877 56
784 819 957 878 autel-G·
975 852 1014 862 -
1029 821 1119 878 Auno
1133 819 1294 878 Ciceronis
1307 820 1361 878 51.

329 1005 354 1064 Ι.
378 1005 406 1064 1.
430 1005 473 1063 111
486 1005 598 1081 rapiat,
615 1011 648 1066 ut
662 1006 864 1067 latrocinetur
879 1008 903 1069 ¹.

328 1111 358 1172 2.
383 1113 416 1172 Si
436 1111 538 1172 hercle
563 1114 595 1172 in
619 1114 735 1174 nostris
754 1116 846 1174 rebus
867 1122 930 1174 tam
954 1131 1042 1174 acres
1065 1114 1103 1174 ad
1123 1112 1281 1191 pecunias,
1296 1118 1363 1172 tam
1409 1165 1412 1169 .

268 1261 272 1271 .
288 1219 408 1288 attenti,
424 1223 487 1278 tam
499 1219 586 1278 avari
599 1221 767 1280 soleremus
782 1238 863 1282 esse.
1136 1211 1139 1218 ⁴

328 1327 369 1386 ll.
394 1326 422 1385 1.
447 1325 507 1386 Sed
520 1330 621 1385 tamen
635 1332 785 1402 quaesunt
800 1332 906 1400 nostra
917 1328 1047 1406 judicia.

327 1435 359 1492 2.
381 1435 499 1493 Debent
522 1451 591 1494 esse
616 1433 858 1510 modestissima3
887 1435 1031 1511 quoniam
1063 1434 1186 1510 quidem
1218 1439 1266 1492 est
1297 1434 1358 1492 hoc

288 1542 399 1602 summi
412 1542 535 1619 imperii
548 1543 751 1619 nosmetipsos
770 1543 807 1602 dc
826 1544 943 1603 nostris
957 1547 1050 1603 rebus
1061 1543 1216 1622 judicare.

326 1650 355 1708 3.
381 1650 439 1722 Qui
453 1668 491 1708 cx
506 1651 676 1709 hereditate
686 1655 771 1707 tanta
786 1667 879 1708 unum
893 1652 993 1711 solum
1003 1668 1113 1709 nomen
1123 1648 1355 1725 agnoverimus.

326 1757 382 1818 Ill.
406 1758 461 1817 1...
485 1759 528 1816 Ut
545 1756 660 1816 bellum
674 1756 842 1834 gerendum
854 1773 922 1816 esse
934 1761 1084 1825 censeret,
1102 1756 1155 1832 qui
1169 1757 1358 1817 mentionem

286 1863 423 1938 pecuniae
436 1862 563 1924 fecerat.

327 1973 378 2032 Sic
391 1977 438 2031 est
450 1976 537 2051 justa
556 1989 649 2032 causa
663 1971 748 2040 belli,
765 1971 856 2032 sicuti
872 1972 1001 2033 Crassus
1020 1971 1271 2032 commemoravit
1287 1980 1358 2032 111111

285 2080 304 2138 J
305 2081 440 2158 ugurtha
454 2079 561 2140 fuisse.

323 2188 354 2248 2.
377 2189 448 2248 Non
465 2188 565 2265 patiar
584 2188 662 2246 hanc
676 2186 819 2247 exaudiri
839 2204 946 2246 vocem
960 2187 1052 2265 hujus
1072 2187 1220 2264 imperii:
1238 2203 1295 2262 ego
1309 2191 1356 2254 te,

285 2296 345 2355 nisi
358 2297 413 2356 das
431 2295 559 2373 aliquid,
576 2295 709 2371 hostem;
728 2293 844 2370 siquid
865 2292 996 2366 dederis,
1021 2312 1126 2369 regem
1141 2298 1172 2353 et
1193 2292 1310 2354 socium
1325 2298 1357 2352 et

284 2403 414 2464 amicum
425 2403 581 2482 judicabo.

323 2510 379 2569 IV.
405 2510 433 2570 l.
458 2512 559 2581 Quum
572 2509 626 2568 ille
639 2527 697 2568 rex
711 2509 752 2568 sit
764 2508 956 2579 interfectus,
972 2510 1054 2569 hunc
1068 2528 1197 2588 puerum
1212 2508 1245 2568 iu
1260 2508 1355 2586 Syria

283 2617 390 2678 luisse.

323 2728 353 2786 2.
377 2730 479 2804 Atque
497 2724 575 2784 iliud
599 2725 690 2784 etiam
714 2730 856 2785 constare
877 2724 980 2800 videO,
1002 2742 1108 2800 regem
1130 2724 1232 2798 illum,
1260 2742 1354 2801 quum

202 2833 207 2842 '
283 2834 420 2910 reginam
444 2850 582 2892 sororem
598 2850 694 2902 suam,
717 2849 821 2892 caram
834 2837 1050 2908 acceptamque
1068 2831 1191 2908 populo,
1212 2831 1353 2890 manibus

283 2941 347 3000 suis
360 2941 554 3010 trucidasset,
572 2940 768 2999 interfectum
783 2956 851 2998 esse
860 2939 976 3016 impetu
991 2937 1198 2998 multitudinis
1213 2935 1236 2998 ².

323 3050 363 3110 V.
387 3046 545 3128 [Difficilis
565 3048 645 3106 ratio
667 3045 748 3106 bella
766 3045 906 3122 gerendi,
922 3051 953 3104 at
966 3045 1057 3122 plena
1070 3043 1152 3114 fidei,
1176 3043 1265 3121 plena
1285 3043 1354 3120 pie-

283 3156 355 3216 tatis
371 3152 409 3233 1].
424 3153 563 3233 (Aquila,
584 3171 612 3212 c.
632 3170 700 3212 xlv.
718 3184 756 3196 -
769 3151 947 3211 Marcianus
962 3151 1096 3230 Capella,
1120 3149 1157 3208 de
1172 3150 1351 3224 Rhetorica,

283 3283 313 3341 p.
336 3263 406 3328 428.
424 3263 481 3324 Ed.
498 3259 682 3339 Gapperon.)

309 3481 319 3515 ¹
334 3483 367 3526 Dc
376 3481 413 3527 his
421 3481 559 3539 fragmentis
569 3484 723 3528 consulendus
733 3490 770 3528 est
779 3485 904 3530 scholiasta
914 3487 1043 3532 Bobiensia.

309 3557 320 3590 ²
335 3558 450 3600 Hactenus
460 3555 599 3610 fragmenta,
609 3570 660 3612 quae
670 3559 758 3612 prtinus
767 3559 836 3601 edidit
847 3562 873 3603 A.
885 3559 960 3602 Maius
971 3573 983 3602 e
993 3558 1242 3603 codiceetmbrosiano.

308 3629 318 3665 ³
334 3628 367 3685 []
382 3631 455 3672 Vetus
464 3627 630 3684 fragmentum.
1246 3629 1251 3640 '
