3070 4950
273 385 323 434 ar⁴
394 384 443 434 nn
466 378 684 432 cronaours
704 377 944 429 ounrrouuu
966 337 1234 430 ruueunurrs

274 511 404 582 serunt,
415 510 451 572 ut
474 489 555 570 huic
582 497 758 592 rogationi
788 498 854 591 ipsi
882 495 1076 585 obstarent,
1105 499 1166 569 sed
1195 497 1347 571 Cornelii

275 616 459 709 collegam,
479 617 520 686 P.
542 613 735 686 Servilium
761 614 922 704 Globum,
943 615 1172 706 invenerunt,
1197 616 1258 711 qui
1273 617 1347 710 ipse

275 732 508 803 intercederet
520 740 624 825 atque
647 731 696 801 ita
715 729 904 824 populares
922 727 1123 800 inimicitias
1144 730 1210 801 sibi
1231 731 1347 801 susci-

276 854 386 939 peret.
405 847 458 920 Ea
482 871 539 918 res
559 871 629 918 non
648 846 802 918 Cornelii
826 846 994 940 impetum
1018 842 1147 938 fregit,
1170 856 1217 934 et,
1241 849 1348 941 quum

276 971 412 1036 vetaret
432 963 603 1035 Globulus
627 986 672 1034 ne
690 984 806 1057 praeco
831 962 950 1054 legem
968 962 1224 1055 pronuntiaret,
1247 962 1309 1034 ille
1329 988 1348 1034 e

279 1078 440 1149 manibus
460 1078 584 1149 scribae
603 1087 783 1173 arreptum
803 1077 956 1149 codicem
978 1086 1142 1150 contenta
1158 1100 1243 1149 voce
1264 1102 1348 1173 per-

277 1194 376 1286 legit.
395 1195 636 1289 Nequicquam
660 1194 781 1266 consul
800 1194 881 1266 Piso
900 1193 975 1265 tolli
990 1195 1056 1264 hoc
1076 1193 1179 1264 modo
1194 1192 1350 1265 tribuni-

279 1311 368 1380 ciam
386 1318 590 1404 potestatem
614 1311 805 1401 clamavit3
833 1311 1074 1405 nequicquam,
1099 1310 1265 1382 conviciis
1283 1335 1349 1404 po-

280 1426 354 1520 puli
382 1434 561 1520 exceptus
597 1426 766 1520 prehendi
796 1450 816 1497 a
853 1426 977 1498 lictore
1007 1426 1159 1498 Cornelii
1193 1425 1348 1508 lautores

276 1543 395 1634 jussit,
427 1541 612 1614 multitudo
632 1541 837 1615 Cornelium
867 1543 993 1636 plausu
1020 1542 1250 1638 approbavit3
1279 1517 1349 1613 iulo

281 1656 393 1730 fasces
407 1659 560 1731 consulis
574 1656 690 1746 fracti,
703 1659 909 1753 lapidesque
925 1660 962 1728 in
977 1683 1058 1730 eum
1071 1657 1171 1730 fuere
1184 1661 1346 1754 conjecti,
1449 1721 1453 1728 i

282 1783 386 1868 atque
412 1775 499 1846 adeo
523 1775 773 1846 tumultuatum
796 1783 866 1862 est,
892 1784 931 1847 ut
956 1777 1159 1847 concionem
1187 1776 1349 1848 tribunus

282 1891 357 1984 ipse
376 1889 577 1961 dimitteret.
601 1891 653 1962 De
672 1913 712 1962 ea
734 1913 772 1960 re
791 1899 908 1971 actum
923 1888 975 1962 est
993 1892 1029 1961 iu
1046 1900 1185 1981 senatu,
1209 1901 1243 1963 et
1257 1889 1349 1962 Cor-

284 2005 399 2076 nelius
417 2005 551 2100 aliquid
567 2005 639 2098 legi
657 2029 731 2076 suae
755 2006 963 2095 immutavit,
986 2031 1055 2078 non
1074 2007 1124 2078 ita
1140 2014 1181 2077 ut
1197 2007 1351 2102 optima-

284 2120 377 2192 tibus
413 2114 642 2211 satisfaceret,
678 2122 740 2194 sed
771 2123 820 2194 ita
853 2131 891 2192 ut
921 2122 1170 2221 ¹auctoritatem
1209 2133 1352 2195 senatus

285 2237 422 2308 salvam
455 2235 609 2309 efficeret
640 2247 745 2333 atque
777 2237 986 2309 incolumen.
1028 2239 1215 2327 Ceterum,
1254 2239 1352 2334 quasi

285 2353 481 2424 simultates
501 2377 621 2424 eorum
640 2363 674 2425 et
693 2354 807 2425 minas
831 2353 1007 2443 irrideret,
1031 2353 1137 2426 aliam
1152 2355 1269 2448 legem
1291 2364 1352 2425 tu-

286 2468 341 2554 lit,
355 2490 434 2563 quae
448 2469 600 2560 gratiam
615 2469 806 2540 ambitiosis
822 2469 1035 2562 praetoribus
1052 2460 1203 2557 tollebat,
1217 2493 1353 2566 quaque

285 2584 322 2653 hi
342 2585 567 2674 magistratus
584 2609 626 2656 ex
644 2585 821 2678 perpetuis
846 2584 970 2656 edictis
987 2585 1059 2656 suis
1079 2585 1140 2678 jus
1155 2585 1271 2656 dicere
1289 2585 1353 2654 de-

286 2698 426 2792 bebant,
448 2723 512 2772 nec
533 2698 634 2772 desiit
654 2701 792 2772 multas
808 2701 911 2773 istius
935 2699 1028 2771 modi
1050 2703 1251 2793 rogationes
1270 2723 1355 2794 pro—

287 2817 459 2908 mulgere,
472 2815 597 2910 quibus
610 2825 727 2887 autem
737 2816 897 2911 plerique
910 2816 1055 2910 collegae
1064 2817 1352 2886 intercesserunt.

287 2930 485 3002 Tribunatu
504 2941 658 3025 peracto,
675 2930 805 3012 fratres
820 2931 968 3005 Cominii
982 2931 1185 3003 Cornelium
1200 2930 1245 3001 ad
1257 2929 1356 3023 judi-

169 3142 173 3149 ·
287 3048 378 3117 cium
397 3054 627 3140 protraxere3
648 3047 721 3133 sed,
744 3047 800 3118 die
820 3047 927 3135 dieta,
940 3072 1053 3142 quum
1062 3057 1193 3140 praetor
1207 3046 1248 3118 P.
1267 3043 1356 3115 Cas-

289 3161 375 3245 sius,
394 3183 456 3232 seu
475 3159 518 3232 de
542 3161 731 3251 industria,
762 3187 825 3235 seu
854 3164 909 3234 sui
938 3163 1096 3234 muneris
1121 3159 1357 3257 perfungendi

288 3299 407 3364 causa,
424 3300 493 3347 non
507 3275 688 3364 adfuisset,
706 3281 754 3349 ita
777 3279 813 3348 in
831 3288 1051 3351 accusatores
1067 3276 1239 3348 concitata
1258 3273 1357 3368 plebs

194 3469 196 3472 ,
288 3390 432 3479 exarsit,
457 3401 495 3462 ut
515 3394 705 3485 perniciem
731 3395 789 3464 vix
813 3394 1014 3486 effugerint,
1038 3416 1090 3482 ao,
1119 3393 1225 3464 clausi
1250 3399 1358 3461 totam

217 3597 221 3601 ι
289 3515 424 3576 noctem
451 3507 487 3576 in
511 3507 628 3597 scalis,
655 3533 717 3604 per
743 3519 834 3581 tecta
856 3510 1051 3594 vicinarum
1080 3507 1210 3579 aedium
1235 3487 1358 3578 urbem

254 3609 256 3618 ’
289 3620 535 3717 derelinquere
569 3626 696 3696 conati
713 3623 796 3696 sint.
837 3625 988 3712 Verum,
1025 3645 1226 3718 quanquam
1257 3646 1360 3693 suurn

289 3737 462 3808 silentium
474 3739 542 3833 ipsi
552 3740 752 3811 vendidisse
767 3733 1023 3833 arguebantur,
1043 3739 1238 3834 insequenti
1251 3761 1358 3825 anne,

289 3850 328 3921 L.
354 3849 467 3938 Cotta,
495 3854 535 3922 L.
558 3854 734 3948 Torquato
759 3879 866 3942 coss,
892 3856 1055 3949 praesidio
1074 3853 1269 3942 Hortensii,
1291 3854 1363 3924 Ca—

290 3966 367 4056 tuli,
384 3966 426 4049 Q.
443 3967 589 4050 Metelli,
600 3970 639 4038 L.
653 3970 803 4059 Luculli,
816 3972 866 4043 M.
883 3971 1006 4064 Lepidi
1019 3973 1226 4058 confirmati,
1245 3992 1357 4056 reum,

289 4080 370 4172 lege
380 4079 543 4154 Cornelia
558 4083 600 4155 de
613 4088 807 4180 majestate,
818 4085 1018 4158 Cornelium
1034 4088 1161 4158 iterum
1178 4085 1358 4168 fecerunt3

289 4206 391 4294 atque
410 4198 497 4292 ipse,
521 4201 728 4298 perterritus
748 4200 786 4272 C.
811 4202 949 4276 Manilii
970 4204 1080 4294 exitu,
1103 4204 1145 4274 de
1161 4226 1228 4303 quo
1246 4217 1358 4301 pauca
