3070 4950
287 379 319 428 ν»
405 377 453 428 ΠΕ
474 377 690 430 CICERONIS
713 377 955 428 ORATIONUM
976 375 1238 426 ruaouuu‘rts

290 501 419 570 tionem
443 523 582 572 sumere
606 502 641 572 in
661 524 787 572 manus
810 500 945 594 aliquod
962 523 1077 594 operae
1095 499 1245 594 pretium
1260 524 1354 572 esse.

288 617 446 688 l’rimum
464 618 633 704 omnium,
654 625 692 688 ut
710 616 847 710 judices
869 627 1199 710 praeoccuparentur
1218 625 1357 710 atquae

205 725 213 736 ’
286 731 476 826 praeteritis
498 734 692 805 recentiora
717 735 946 820 aestimarent,
967 755 1038 803 non
1065 732 1175 804 solum
1201 733 1356 804 Cornelii

287 847 501 920 tribunatum
528 845 705 921 Cominius
732 849 956 940 exagitabat;
986 849 1174 920 sedetiam
1201 859 1356 921 ceteram

287 964 369 1038 vite
394 965 568 1035 rationem
586 965 785 1058 objiciebat,
821 973 859 1036 ut
885 989 928 1036 ex
954 965 1019 1036 hoc
1044 966 1217 1059 conjicere
1243 966 1352 1040 licet:

289 1104 308 1144 u
330 1079 473 1174 Objecta
494 1090 547 1152 est
570 1083 673 1175 paulo
695 1081 839 1153 liberior
856 1082 938 1153 vita.
964 1107 982 1150 »
1005 1083 1182 1154 Praeterea
1195 1083 1232 1153 in
1252 1085 1357 1154 inve-

287 1195 422 1268 niendis
437 1199 752 1292 componendisque
772 1196 877 1270 rebus
899 1199 1156 1270 accurationem
1171 1203 1269 1293 quasi
1289 1225 1356 1271 ue-

287 1312 488 1384 teratoriam
510 1315 792 1408 praesetulerat,
814 1316 858 1402 si,
877 1338 947 1386 non
966 1314 1108 1407 jocandi
1131 1336 1249 1404 causa,
1268 1315 1356 1387 illud

285 1429 500 1500 asseverarit
514 1426 634 1501 Cicero
654 1455 660 1499 :
683 1455 701 1498 «
721 1431 901 1525 Ejusmodi
915 1430 1001 1502 duos
1017 1431 1159 1525 laqueos
1186 1432 1222 1500 in
1248 1455 1355 1504 causa

286 1567 363 1616 csse
385 1545 593 1640 propositos
624 1554 673 1635 ut,
701 1547 731 1618 si
756 1571 811 1618 me
830 1547 938 1618 altero
959 1533 1191 1640 expedissem,
1214 1557 1355 1620 tenerer

287 1661 408 1732 altero.
436 1687 454 1730 u
482 1662 652 1756 Denique,
682 1685 788 1757 quum
814 1664 857 1734 de
880 1663 1066 1756 Majestate
1092 1664 1240 1748 dicebat,
1263 1666 1356 1758 qnod

287 1777 426 1872 quidem
441 1791 545 1870 capnt
564 1787 640 1850 orat
653 1781 893 1867 accusationis
914 1781 986 1850 acri
1005 1788 1038 1851 et
1052 1779 1251 1852 vehementi
1270 1803 1354 1852 ora-

285 1894 394 1984 tione,
417 1895 453 1963 in
473 1897 568 1964 omni
585 1918 714 1987 genere
734 1895 1014 1988 amplificationis
1034 1897 1249 1983 exardebat3
1272 1919 1352 1968 nam

285 2009 521 2092 Quintilianus
535 2008 543 2047 ¹
561 2009 764 2082 Ciceronem
776 2010 948 2104 imprimis
961 2010 1129 2100 laudavit,
1148 2013 1241 2108 quod
1255 2035 1354 2084 eam-

284 2123 364 2202 clem
381 2149 455 2196 rem
472 2126 590 2198 verbis
601 2126 1001 2219 mitioribusprotulerit.
1016 2127 1162 2215 Verum,
1175 2126 1355 2221 nedigre-

285 2241 401 2313 (liendi
420 2265 526 2314 causa
542 2243 756 2338 propositum
771 2243 1030 2330 obliviscamur,
1047 2243 1091 2314 ad
1104 2244 1251 2338 primam
1271 2267 1355 2315 ora-

285 2345 426 2447 tionem,
459 2381 526 2452 qua
557 2359 758 2431 Cornelium
784 2369 998 2452 purgaturus
1026 2368 1101 2430 erat
1127 2360 1176 2430 M.
1201 2358 1352 2449 Tullius,

285 2483 517 2546 revertamur.
868 2563 877 2578 ⁸

334 2591 374 2661 ln
387 2591 573 2685 principio,
590 2592 681 2687 quod
699 2616 815 2665 causae
830 2616 893 2687 pro
913 2594 1069 2686 portione
1083 2616 1202 2664 rerum
1217 2615 1354 2688 semper

284 2709 430 2802 proponi
466 2707 584 2797 debet,
616 2709 751 2780 dicendi
780 2709 957 2801 gravitate
982 2732 1085 2780 suam
1114 2707 1354 2780 defensionem

284 2825 404 2895 statim
427 2822 547 2896 Cicero
567 2824 843 2896 commendabat.
857 2825 1016 2912 Etenim,
1032 2826 1107 2896 sive
1127 2847 1258 2896 morem
1276 2825 1355 2894 ins-

284 2941 493 3034 titutumque
516 2941 689 3034 majorum
711 2941 845 3012 imitari
860 2942 978 3029 vellet,
997 2963 1071 3028 seu,
1094 2965 1197 3035 quum
1215 2939 1259 3012 de
1272 2943 1355 3033 jure

279 3055 476 3149 majestatis
500 3065 663 3128 oraturus
689 3067 794 3142 esset,
817 3057 1050 3128 contentionis
1078 3056 1354 3150 magnitudinem

285 3173 532 3267 hominumque
545 3174 841 3266 exspectationem
855 3173 1131 3266 pertimesceret,
1153 3195 1254 3244 suam
1271 3195 1356 3244 ora-

280 3290 415 3376 tionem
430 3289 573 3360 numina
590 3289 786 3360 invocando
800 3290 848 3361 ita
869 3287 1054 3360 inchoabat
1067 3284 1102 3357 2:
1121 3314 1139 3358 c<
1152 3289 1200 3360 Ut
1214 3289 1355 3360 ahlove

316 3518 325 3551 1
341 3515 521 3577 Quintilianus
539 3517 581 3565 lib.
610 3517 643 3575 V,
659 3533 682 3566 c.
697 3533 753 3576 xm,
767 3523 792 3566 et
807 3517 863 3566 vide
878 3519 905 3568 C.
923 3517 947 3566 J.
963 3515 1076 3566 Victoris
1087 3517 1177 3566 Artem
1189 3514 1354 3574 rhetoricam,

285 3613 306 3650 c,
323 3612 371 3646 xru
388 3614 393 3645 :
409 3596 441 3645 de
456 3597 643 3662 Propositione.

315 3677 378 3728 ²Cl.
399 3677 529 3727 Demosth.
551 3679 577 3726 in
599 3682 663 3728 orat.
681 3677 712 3726 de
734 3678 840 3728 Corona.
859 3703 886 3712 —
907 3677 1055 3726 Ciceronem
1076 3677 1100 3724 in
1122 3677 1217 3738 Divin,
1233 3693 1255 3726 c.
1272 3675 1355 3726 Coeci-

285 3759 465 3815 lium,c.x1u.
481 3760 673 3810 -Ciceronem
689 3762 715 3809 in
730 3760 761 3810 P.
775 3759 916 3815 Vatinium,
933 3775 955 3807 c.
969 3773 1008 3816 vr,
1022 3757 1171 3807 Ciceronem
1187 3758 1212 3806 in
1227 3760 1292 3808 orat.
1309 3772 1355 3821 pro

287 3839 402 3899 Rabirio,
418 3856 441 3892 c.
457 3855 483 3889 u.
500 3869 527 3876 -
544 3841 632 3890 Titum
648 3840 758 3897 Livium,
774 3838 819 3887 lib.
834 3838 927 3897 XXIX,
944 3854 966 3887 c.
987 3853 1071 3888 xxvu.
1090 3866 1117 3873 -
1139 3837 1263 3896 Servium,
1279 3836 1355 3887 Com-

285 3923 392 3970 mentar.
410 3919 442 3968 nd
455 3919 558 3983 Virgil,
571 3921 704 3979 AEneidos,
718 3921 760 3967 lib
781 3919 837 3976 Vll,
855 3935 878 3968 r.
893 3917 939 3966 256
959 3923 984 3967 et
999 3917 1043 3968 lib.
1061 3917 1107 3977 Xl,
1123 3935 1147 3968 u.
1163 3917 1217 3968 301.
1234 3947 1262 3954 -
1278 3915 1356 3967 Vale·

283 4000 350 4048 rium
371 3999 509 4048 Maximum
531 3999 556 4047 in
579 3999 690 4062 Prologo
710 4003 734 4048 et
756 3999 800 4049 lib.
817 3998 850 4058 V,
871 4013 892 4046 c.
910 4013 937 4058 x,
958 3999 989 4047 de
1011 3997 1209 4047 AEmilii‘Pauli
1230 3997 1353 4055 oratione,

284 4094 361 4143 quam
382 4080 413 4126 de
436 4081 513 4128 rebus
536 4095 551 4127 a
574 4095 600 4128 sc
625 4081 704 4141 gestis
724 4079 822 4128 habuit.
839 4109 867 4116 —
884 4077 1020 4137 vetretum,
1041 4079 1085 4128 lib.
1107 4081 1127 4138 1,
1142 4095 1163 4127 c.
1179 4094 1207 4137 x,
1221 4078 1251 4127 de
1266 4078 1354 4127 eadem

284 4156 384 4207 AEmilii
409 4159 482 4207 Pauli
501 4160 623 4209 oratione.
646 4189 673 4195 —
690 4159 879 4222 Symmachum,
903 4159 995 4221 Epist,
1021 4159 1063 4208 lib.
1088 4161 1130 4216 lll,
1146 4174 1186 4222 ep.
1208 4160 1246 4224 ll.
1269 4188 1296 4195 —
1319 4162 1355 4208 La

286 4240 420 4309 ¹Fonteiae,
437 4239 479 4290 lir.
493 4239 539 4304 lll,
557 4241 606 4292 sab.
623 4254 662 4302 pu
679 4257 684 4288 :
702 4243 725 4298 le
739 4241 838 4305 Paysau
855 4242 887 4290 du
901 4240 1013 4290 Danube.
