3044 4938
439 355 587 446 orario
609 395 684 446 rao
706 393 736 445 n.
758 392 918 444 ornoun
1180 390 1209 441 cr

149 525 262 588 artem
281 508 403 588 tenere
425 516 611 609 possimus,
639 537 718 610 qua,
740 515 875 608 plebem
894 513 1067 585 monendo
1087 522 1121 584 et
1141 514 1207 584 ob-

145 631 337 727 jurgandO,
360 639 398 701 ut
421 653 442 702 a
465 655 502 702 se
526 655 597 702 non
619 630 791 703 alienaret
813 638 1011 734 equestrem
1037 629 1206 721 ordinem,

150 747 249 840 cujus
265 743 417 815 amicitia
434 741 547 816 fretus
562 768 603 816 ac
622 745 774 816 munitus
793 768 913 818 omnes
931 744 1101 816 honorum
1119 768 1208 837 gra-

150 861 217 932 dus
238 868 416 932 assecutus
436 869 525 949 erat,
548 860 827 933 benevolentiam
845 872 962 933 tamen
980 857 1210 931 multitudinis
1229 906 1233 918 .

152 985 188 1048 et
208 974 385 1047 caritatem
414 975 478 1045 sibi
502 976 753 1069 conjungeret!
783 977 829 1048 At
857 1000 948 1047 unus
976 974 1213 1047 tantummodo

152 1099 266 1163 exstat
290 1114 434 1182 corsua,
465 1091 522 1185 qui
544 1113 656 1185 neque
683 1093 866 1163 sententiae
886 1114 999 1186 neque
1025 1089 1215 1160 verborum

152 1206 286 1281 lumine
307 1205 549 1298 distinguitur,
575 1229 744 1301 quemque
764 1206 873 1280 Orelli
894 1230 965 1277 non
994 1205 1215 1278 exoratione
1276 1197 1286 1227 ⁵
1373 1295 1374 1302 ἵ

154 1345 220 1416 pro
245 1319 392 1409 Othone,
421 1343 465 1390 ex
490 1319 666 1392 Coeliana¹
692 1328 808 1414 autem
833 1321 1053 1415 desumptum
1076 1342 1155 1390 esse
1172 1319 1216 1390 ab

152 1435 326 1506 Arusianc
346 1431 511 1505 affirmat.
530 1433 704 1525 Attamen,
721 1437 900 1530 equodam
917 1435 1087 1508 Macrobii
1098 1431 1112 1473 ²
1125 1435 1214 1522 loc0,

154 1573 224 1644 qua
241 1550 545 1642 argumentatione
564 1551 805 1622 Romanorum
819 1558 954 1622 mentes
969 1549 1161 1643 perculerit
1171 1550 1220 1619 li-

154 1675 210 1738 cet
228 1666 407 1760 suspicari,
430 1667 554 1762 quippe
573 1667 632 1761 qui
651 1690 714 1736 nos
733 1666 853 1736 doceat
871 1645 1074 1736 Ciceronem
1093 1666 1221 1759 populo

155 1781 426 1875 exprobravisse
450 1805 469 1851 r(
492 1781 595 1874 quod,
617 1781 745 1852 Roscio
763 1790 903 1873 gestum
925 1788 1066 1873 agente,
1089 1780 1221 1851 tumul-

155 1898 319 1969 tuaverit.
338 1921 356 1966 >t
370 1897 494 1990 Neque
508 1895 573 1966 boc
587 1896 820 1967 testimonium
835 1919 899 1966 nos
919 1893 1025 1968 efficit
1038 1896 1203 1968 attonitos
1212 1921 1221 1985 3
1294 1983 1299 1988 ι
1378 1885 1380 1890 ’

155 2011 415 2084 meminerimus
429 2012 521 2082 enim
542 2010 677 2105 quoties
692 1997 859 2094 Quintum
875 2009 1058 2094 Roscium,
1078 2034 1224 2104 proquo

155 2135 262 2200 antea
279 2149 419 2198 causam
433 2123 582 2214 dixerat,
601 2132 721 2196 noster
745 2125 946 2196 laudaverit
963 2134 1067 2218 atque
1084 2125 1128 2196 ad
1141 2125 1225 2194 imi-

155 2242 302 2314 tandum
315 2238 571 2336 proposuerit33
590 2248 623 2310 et
642 2239 805 2310 novimus
817 2239 962 2310 comoedi
972 2239 1070 2311 illius
1084 2262 1224 2333 praeco-

157 2358 256 2428 nium
270 2357 313 2428 ab
328 2380 368 2428 eo
384 2379 460 2428 esse
475 2354 561 2427 adeo
578 2355 840 2449 amplificatum,
854 2364 891 2427 ut
908 2354 1067 2426 eumdem
1081 2363 1225 2426 conten-

156 2470 292 2563 derctl,
319 2479 462 2565 'propter
481 2472 710 2545 excellentem
728 2483 851 2564 artem,
879 2465 1022 2546 omnino
1046 2473 1135 2545 mori
1156 2498 1226 2544 non

157 2585 332 2658 debuisse.
355 2586 501 2675 Verum,
519 2589 547 2658 si
565 2611 608 2658 ex
624 2587 689 2658 hoc
709 2591 781 2658 uno'
798 2586 999 2681 fragmento
1015 2597 1124 2660 totam
1138 2611 1225 2658 con-

157 2703 293 2772 cionem
316 2701 527 2774 constituere
549 2704 720 2796 velimus,
748 2704 914 2776 similiter
946 2729 1093 2798 agemus
1122 2714 1228 2799 atque

157 2814 440 2888 adolescentulus
454 2816 527 2906 ille,
545 2840 660 2911 quem,
679 2818 820 2913 apologi
837 2843 956 2908 causa,
974 2820 1011 2890 in
1029 2819 1226 2892 orationem
1244 2801 1247 2808 ’

158 2955 222 3026 pro
241 2931 290 3000 M.
310 2927 412 3000 Curio
431 2930 472 3000 L.
492 2930 647 3004 Licinius
670 2932 819 3005 Crassus
838 2934 1027 3006 induxerat
1036 2932 1060 3022 5,
1085 2936 1224 3030 quique,

157 3047 195 3117 in
211 3043 329 3116 littore
344 3045 525 3137 ambulans
545 3070 652 3141 quum
669 3048 843 3119 scalmum
862 3049 1063 3144 reperisset,
1086 3049 1130 3120 ob
1153 3072 1228 3121 eam

160 3185 235 3232 rem
262 3158 439 3230 aedificare
466 3182 593 3232 navem
620 3164 892 3255 concupiverat3
922 3163 1061 3259 itaque,
1091 3164 1135 3235 de
1163 3164 1229 3236 hac

158 3299 279 3360 causa,
300 3299 370 3346 non
396 3273 525 3347 diutius
553 3276 782 3369 argutissime
810 3276 1036 3374 disputando,
1065 3275 1229 3371 ineptiae6

158 3391 292 3464 crimen
305 3391 418 3462 vitare
436 3397 532 3464 certe
550 3391 756 3486 poterimus.

192 3643 202 3678 1
218 3643 305 3694 Oratio
320 3656 366 3706 pro
381 3639 469 3700 Caelio,
483 3655 505 3690 c.
519 3656 575 3690 xrx.

192 3723 203 3758 ²
218 3723 275 3772 Lib.
288 3721 335 3782 111,
349 3737 371 3769 c.
387 3735 445 3771 xiv.

190 3803 202 3836 ³
217 3801 333 3866 Exempli
353 3815 430 3850 causa
446 3801 477 3852 de
491 3801 606 3860 Oratore,
623 3800 669 3850 lib.
683 3799 703 3860 1,
717 3818 739 3848 o.
757 3815 843 3850 xxvur
863 3806 889 3850 et
910 3815 989 3862 xx1x3
1012 3801 1058 3850 lib.
1078 3800 1110 3860 ΙΙ,
1128 3817 1151 3850 c.
1167 3815 1228 3863 n1x3

160 3880 266 3941 Brutus,
282 3897 304 3930 c.
318 3895 431 3931 cxxxiv.

191 3963 203 3998 ⁴
218 3963 269 4010 Pro
278 3960 389 4021 ¹Archia,
407 3977 430 4012 c.
445 3975 503 4012 vnr.

191 4041 203 4076 ⁵
218 4041 323 4099 Brutus,
338 4055 429 4091 c.·c111.
592 4089 595 4100 ,

193 4119 258 4170 ⁶De
272 4122 390 4182 Oratore,
406 4120 450 4170 lib.
466 4121 498 4178 11,
512 4136 534 4171 c.
549 4135 584 4170 rr.
