3070 4950
418 388 565 444 ORATIO
587 390 665 444 PRO
687 396 720 444 L.
744 391 909 444 VARENO
1205 391 1231 443 it

163 510 254 606 apud
275 513 464 606 scriptores
484 513 612 584 mentio
628 521 756 602 exstat,
779 501 1017 585 accusatorem
1046 511 1227 600 Erucium,

163 650 265 720 quern
281 626 318 696 in
335 627 496 698 oratione
508 651 570 721 pro
590 627 709 701 Sextio
728 627 893 699 Amerino
910 627 1096 698 ridiculum
1112 627 1232 700 Cicero

163 740 427 830 denuntiavit1,
461 767 562 838 quem
582 769 659 816 curn
683 744 839 816 latrante
866 767 907 816 ac
935 744 1117 816 mordente
1147 767 1233 816 caue

164 873 368 950 comparare
392 881 499 929 ausus
526 870 593 948 est,
623 883 795 954 quemque
822 858 931 932 semel
960 883 1000 931 ac
1026 860 1169 954 saepius,
1196 868 1235 931 ut

165 971 361 1076 scholiastae
380 975 598 1046 Gronoviani
616 975 726 1048 verba
748 999 929 1070 usurpem,
947 975 1134 1048 alludendo
1151 976 1234 1047 vul-

164 1089 302 1160 neravit
316 1086 342 1178 ²,
369 1090 475 1184 paulo
494 1093 664 1164 notiorem
688 1091 871 1164 habemus
896 1091 964 1162 Hic
988 1101 1119 1180 autem,
1137 1078 1236 1164 nulla
1331 1085 1337 1090 ⁵

166 1228 205 1276 re
223 1204 430 1299 probabilis,
451 1207 494 1278 de
511 1205 589 1278 foro
609 1207 749 1301 quidam
768 1207 908 1296 rabula,
930 1230 1045 1302 neque
1059 1208 1235 1279 contemni

165 1320 278 1390 solum
293 1321 473 1393 sedetiam
490 1322 630 1393 irrideri
641 1321 820 1412 solebat³;
837 1333 1006 1410 attamen,
1017 1346 1118 1411 acer,
1137 1346 1237 1396 acer·

166 1436 243 1525 bus,
266 1437 487 1526 criminosus,
512 1462 554 1510 ex
568 1439 722 1532 cujusvis
746 1437 967 1509 accusatione
981 1436 1135 1510 fructum
1150 1439 1238 1508 dili-

165 1551 295 1643 gentiae
311 1551 487 1647 sperabat.
506 1553 654 1640 Verum,
672 1553 710 1622 in
732 1553 933 1643 beccense,
955 1575 1017 1624 seu
1041 1553 1085 1624 de
1109 1552 1237 1623 indus-

166 1666 247 1757 tria,
276 1667 351 1739 sive
371 1668 499 1760 ,oblata
526 1691 610 1740 casu
637 1668 683 1739 ad
700 1669 883 1740 consilium
902 1677 1071 1756 verteret,
1096 1692 1168 1739 non
1193 1691 1236 1738 ex

166 1766 266 1855 solito
280 1783 501 1856 innocentem
521 1783 710 1872 hominem,
736 1785 919 1856 dummodo
937 1784 1084 1856 inermis
1099 1783 1238 1856 nudus-

166 1923 232 1993 que
254 1899 448 1994 patrocinio
475 1907 581 1987 esset,
608 1900 645 1969 in
663 1900 839 1994 judicium
862 1899 1033 1991 vocabat3
1059 1901 1120 1972 sed
1140 1925 1238 1972 reum

165 2016 251 2088 adeo
280 2015 442 2086 omnibus
475 2015 577 2090 malis
607 2038 767 2108 pressum
788 2013 814 2107 ⁴,
836 2025 875 2086 ut
903 2040 983 2087 eum
1012 2039 1089 2088 esse
1119 2015 1238 2111 utique

165 2131 401 2203 damnandum
421 2130 584 2202 omnibus
600 2139 799 2224 appareret.
818 2130 900 2201 Suae
915 2131 1025 2223 igitur
1038 2132 1236 2203 accusatio-

166 2247 282 2324 nisde
297 2254 425 2318 eventu
439 2269 599 2333 securuS,
619 2269 794 2340 quumque
809 2246 914 2317 sciret
929 2247 979 2316 M.
1001 2245 1159 2318 Tullium
1174 2269 1237 2339 pro

167 2361 309 2433 Vareno
340 2385 417 2432 esse
441 2361 630 2450 dicturum,
660 2360 854 2432 adversarii
876 2361 1105 2433 *dicacitatem
1124 2360 1238 2430 ulcis„

168 2479 269 2550 cendi
275 2479 490 2573 jampridem
509 2478 667 2573 cupidus,
682 2501 719 2550 se
734 2502 805 2549 non
819 2479 924 2572 plane
940 2479 1090 2550 tironem
1108 2478 1144 2548 in
1160 2486 1236 2550 arte
1317 2561 1318 2570 ἵ

168 2593 303 2666 dicendi
324 2617 365 2665 ac
391 2594 514 2664 rudem
540 2615 617 2664 esse
644 2593 941 2665 demonstrarem
964 2593 1082 2665 animo
1101 2592 1235 2666 habuit.

165 2707 207 2779 L.
227 2709 391 2780 Varenus
406 2731 477 2780 non
495 2707 609 2779 solum
629 2706 668 2777 C.
692 2708 875 2780 Varenum
893 2717 927 2780 et
948 2707 1123 2780 Salarium
1144 2710 1237 2780 occi--

167 2824 260 2895 disse
281 2825 515 2917 arguebatur,
545 2823 606 2894 sed
638 2823 742 2895 etiarn
769 2823 914 2906 Gnaeum
941 2824 1123 2895 Varenum
1153 2824 1236 2894 vul-

166 2962 332 3030 nerasse3
359 2940 453 3011 hunc
480 2948 596 3011 autem
625 2938 662 3009 in
690 2949 876 3034 conspectu
906 2941 1061 3011 omniurn
1087 2939 1237 3010 Erucius

167 3055 346 3127 coustituit
359 3079 367 3144 3
382 3065 429 3145 et,
443 3079 485 3128 ea
502 3063 618 3127 mente
636 3063 675 3126 ut
693 3055 802 3126 oculis
813 3055 973 3148 judicum
988 3056 1060 3126 vim
1078 3055 1235 3143 afferret,

166 3173 394 3266 Marcumque
405 3171 883 3265 Antoniumimitaretur,qui
894 3172 1067 3266 quondam
1077 3171 1236 3242 Manium

166 3286 358 3381 Aquilium,
378 3289 419 3358 de
448 3286 606 3381 pecuniis
632 3286 837 3380 repetundis
862 3310 974 3378 reum,
1001 3287 1039 3358 iu
1058 3287 1235 3358 civitatem

166 3402 371 3490 retinuerat,
388 3425 498 3497 neque
512 3400 722 3495 probitatem
738 3424 851 3496 neque
872 3403 1106 3473 innocentiam
1122 3423 1235 3494 neque

94 3777 99 3784 “
194 3760 203 3794 ¹
219 3760 270 3808 Pro
283 3762 359 3810 Sexto
375 3760 468 3809 Roscio
482 3759 614 3819 Ameriae,
632 3776 652 3810 c.
668 3773 737 3808 xviri
750 3764 774 3808 et
789 3772 835 3808 xx.

194 3839 361 3889 ²Scholiarta
375 3840 561 3899 GronovianuS,
575 3839 601 3887 in
619 3843 684 3888 orat.
702 3855 747 3904 pro
769 3839 846 3888 Sexto
861 3837 956 3888 Roscio
972 3836 1103 3900 Amerino,
1122 3857 1144 3888 c.
1160 3851 1232 3889 xcvi.

192 3922 204 3957 3
218 3940 229 3967 u
245 3921 384 3985 Numquid,
403 3921 579 3986 imperitorum
596 3922 725 3985 perterriti
740 3921 911 3979 multitudine,
927 3921 1079 3985 quicumque
1100 3922 1158 3970 boni
1174 3939 1233 3972 ora-

160 4008 228 4052 tores
240 4002 348 4050 evadere
363 4001 459 4061 uolunt,
477 3999 571 4052 Caecilii
586 4001 633 4050 sibi
648 4002 732 4064 potius
748 4006 792 4050 aut
808 3999 893 4050 Ernrii
910 4000 1068 4050 orationibus
1082 4013 1158 4062 quam
1172 3998 1233 4046 Tut-

159 4083 235 4132 iianis
256 4084 399 4133 navandum
418 4098 522 4147 operam
544 4081 698 4132 existimant.
715 4100 727 4128 u
746 4083 785 4141 (D.
801 4081 969 4144 Augustinus
982 4085 1015 4130 de
1033 4083 1159 4131 Utilitate
1173 4094 1231 4128 cra-

159 4168 254 4225 uendi,
270 4182 291 4215 c.
309 4171 410 4224 uxvui.)

191 4247 202 4282 ⁴
217 4247 395 4305 Quintilianus,
408 4245 452 4295 lib.
466 4245 526 4305 vii,
540 4261 562 4297 c.
579 4259 607 4294 11.

1039 4396 1042 4402 .
1089 4351 1104 4402 2
