3044 4938
342 1357 507 1430 ‹Jarrro
533 1357 617 1430 ruo
644 1357 678 1429 c.
705 1302 937 1431 nonnemo.
969 1356 999 1428 11

600 1592 759 1602 .—-——-

203 1881 240 1950 ln
260 1880 376 1975 priore
395 1881 566 1967 oratione,
585 1903 663 1974 quae
680 1879 819 1972 longior
839 1886 928 1969 erat,
944 1875 1074 1960 omnia,
1090 1877 1214 1971 quibus

41 2022 44 2026 ·
151 1994 296 2066 crimina
314 1994 475 2066 Cornelio
493 1994 631 2088 objecta
651 1993 807 2067 refutare
826 2005 929 2087 atque
942 1991 1094 2064 evellere
1114 2000 1215 2085 pote·

151 2118 221 2199 rat,
245 2121 468 2204 congesserat
481 2111 532 2182 M.
556 2110 694 2182 Tullius
716 2137 723 2181 :
744 2107 1090 2181 iestabat'autem'ut
1112 2105 1214 2176 nobi-

152 2226 365 2296 lissimorum
376 2228 532 2296 virorum
541 2226 738 2298 testimonia
751 2225 907 2297 elevaret
921 2229 1212 2314 extenuaretque:

154 2363 259 2436 qnam
274 2341 413 2436 quidem
427 2342 769 2434 argumentationem
784 2363 854 2424 uon
871 2340 908 2409 in
926 2335 1073 2410 actionis
1086 2331 1216 2432 perpe-

154 2456 279 2527 tuitate
297 2454 444 2528 fundere
463 2457 637 2546 voluerat,
658 2457 720 2527 sed
743 2457 781 2526 in
800 2456 995 2527 orationem
1012 2454 1214 2543 secundam,

155 2582 194 2643 ut
208 2570 284 2666 ipse
303 2572 431 2665 saepius
454 2572 491 2642 in
512 2573 661 2645 Oratore
680 2580 842 2661 testatur,
864 2571 908 2641 de
929 2570 1101 2642 industria
1123 2570 1219 2664 reje-

154 2697 262 2759 cerat.
288 2686 343 2758 Ex
367 2710 409 2758 ea
433 2711 516 2760 rara
545 2697 686 2760 exstant
710 2685 912 2781 fragmenta
939 2712 947 2757 ι
974 2695 1128 2758 attamen
1151 2708 1219 2780 qua

154 2803 291 2875 ratione
313 2825 450 2898 quaque
472 2805 529 2876 via
550 2813 771 2878 accusatores
788 2816 822 2878 et
845 2815 951 2878 testes
969 2805 1216 2890 insectaretur,

156 2918 321 2990 divinare
339 2943 409 2991 non
427 2919 570 2993 difficile
590 2932 654 2993 est.
672 2921 764 2994 Ante
777 2922 907 3012 omnia,
925 2943 982 3010 ne,
999 2944 1077 2992 cum
1092 2919 1220 2992 claris-

157 3033 257 3105 simis
270 3035 356 3106 viris
369 3034 577 3125 dimicando,
590 3046 721 3109 temere
737 3037 936 3108 inimicitias
951 3037 1077 3124 adiret,
1094 3033 1221 3108 defen-

157 3150 268 3220 sionis
300 3151 534 3225 conditionem
557 3153 872 3248 necessitatemque
896 3152 1106 3240 excusabat,
1133 3154 1221 3224 siout

157 3287 201 3363 err
227 3265 291 3336 hoc
313 3264 512 3359 fragmento
537 3278 682 3366 apparet
704 3294 712 3339 :
740 3294 759 3346 u
780 3270 943 3362 Pugnem
964 3278 1084 3363 aperte
1103 3276 1222 3339 contra

158 3381 275 3474 (etc).
298 3406 316 3450 a
342 3367 500 3470 Deinde,
523 3386 602 3478 quia
620 3385 766 3456 multum
790 3385 828 3455 in
847 3386 962 3456 causis
985 3407 1143 3478 persaepe
1166 3384 1224 3455 l'e-

158 3519 242 3590 pore
260 3507 294 3568 et
318 3494 454 3570 facetiis
475 3498 668 3593 proficitur,
697 3499 881 3572 stultitiam
903 3524 974 3570 non
1002 3487 1143 3571 testium
1163 3499 1224 3571 sed

161 3613 375 3684 accusatoris
405 3615 585 3707 paululum
612 3616 826 3709 exagitabat.
853 3615 987 3688 Verum
1010 3617 1049 3686 in
1073 3607 1241 3711 jocando·

158 3726 432 3800 moderationem
449 3754 621 3803 summam
633 3731 830 3821 adhibebat,
848 3741 881 3804 et
898 3731 1035 3804 caritati
1054 3733 1225 3804 adversa-

158 3841 240 3931 rii¹,
263 3844 293 3916 si
317 3845 594 3940 quidemnostro
620 3871 792 3920 summam
816 3848 996 3920 dicacitem
1019 3848 1136 3920 inesse
1157 3873 1225 3920 non

192 4093 201 4130 ¹
220 4111 232 4140 «
248 4094 288 4144 Ne
302 4095 350 4144 hos
362 4095 465 4160 quidem
479 4095 576 4159 equites
589 4095 726 4153 Romanos,
740 4095 835 4144 amicos
850 4101 990 4156 nostros...‚
1003 4099 1030 4148 C.
1047 4099 1196 4159 Cominium.
1214 4117 1226 4147 a

159 4179 264 4236 Brutus,
280 4193 301 4225 c.
321 4189 433 4228 cxxvm.
665 4181 667 4186 ·
1138 4187 1141 4194 ·

1090 4290 1104 4336 ⁴
1183 4351 1186 4357 .
