3024 4944
241 387 495 436 FRAGMENTA
518 387 762 438 ORATIONUM
784 387 1111 439 uurunutrnuubi
1165 384 1211 440 '185

180 507 230 568 24.
254 509 319 566 Ηοο
345 506 480 566 laidem
505 506 559 565 tibi
584 507 614 566 ia
641 509 684 566 M.
709 506 840 568 AEmilio
864 508 980 565 Scauro
1003 509 1118 585 putasti
1145 527 1212 568 esse

141 613 330 673 facienduml
345 647 384 658 -
399 634 415 672 a
430 616 539 674 Delata
552 615 644 688 enim,
660 614 770 690 inquit,
783 631 875 673 causa
890 615 929 673 ad
943 633 991 674 me
1005 616 1111 674 Romae
1121 621 1179 676 est.
1194 635 1210 673 u

142 755 179 766 -
196 723 292 792 Quidl
315 723 352 780 ad
374 739 422 780 me
438 722 534 781 Siculi
554 739 652 780 nonne
673 723 801 781 Romam
822 739 944 780 causam
960 721 1075 780 Siciliae
1091 722 1213 782 detule-

142 831 236 888 runtl
260 830 354 906 Atqui
379 811 697 906 homines‘prudentes
717 835 839 910 natura,
857 827 962 886 callidi
982 847 1051 905 usu,
1074 829 1212 890 doctriua

142 936 267 995 eruditi.
285 938 399 995 Tamen
420 954 476 1012 ego
493 935 568 994 mihi
580 934 750 1011 provincia
774 953 897 995 causam
916 937 948 994 in
963 936 1123 1013 provincia
1146 936 1213 1013 ipsa

127 1045 383 1120 cognoscendam
397 1049 427 1102 et
442 1043 619 1102 discendam
631 1043 750 1120 putavi.

135 1169 139 1174 ·
181 1151 232 1212 25.
257 1154 304 1212 An
317 1170 375 1229 ego
389 1153 529 1229 querelas
543 1157 634 1228 atque
652 1151 783 1230 injurias
803 1159 959 1213 aratorum
974 1154 985 1190 ¹
1005 1173 1065 1214 non
1080 1155 1111 1214 in
1125 1173 1215 1233 sege-

142 1259 226 1339 tibus
235 1259 313 1336 ipsis
334 1260 480 1336 arvisque
490 1261 726 1337 cognoscerem?
739 1249 924 1338 Peragravi',
945 1261 1080 1338 inquam,
1095 1262 1210 1332 Triari,

143 1366 309 1426 durissima
330 1367 453 1443 quidem
476 1368 575 1428 hieme
590 1368 688 1428 valles
705 1367 980 1444 Agrigentinorum
996 1375 1085 1445 atque
1104 1370 1210 1429 colles.

144 1477 277 1552 Campus
300 1473 313 1510 ²
335 1473 390 1534 ille
411 1474 622 1534 nobilissimus
642 1491 677 1533 ac
703 1473 914 1534 feracissimus
934 1475 1002 1551 ipse
1023 1493 1071 1534 mc
1091 1455 1212 1536 causam

143 1600 229 1664 paene
249 1581 352 1642 docuit
371 1581 551 1641 Leontinus.
574 1581 648 1640 Adii
669 1597 755 1641 casas
770 1588 947 1659 aratorum;
969 1599 986 1640 a
1009 1580 1022 1616 ³
1043 1581 1123 1640 stiva
1147 1583 1212 1660 ipsa

143 1691 281 1750 homines
296 1708 415 1751 mecum
429 1691 691 1765 colloquebantur:

183 1799 234 1860 26.
258 1801 364 1876 Itaque
379 1797 424 1858 aio
438 1797 497 1857 fuit
510 1797 566 1857 illa
576 1815 722 1875 expressa
736 1815 839 1873 causa,
855 1817 915 1858 non
930 1804 964 1858 ut
974 1799 1082 1860 audire
1096 1817 1132 1860 aa
1146 1817 1213 1877 quae

145 1908 281 1968 dicebam
292 1907 424 1985 judices,
447 1904 500 1966 sed
520 1911 555 1964 ut
571 1923 699 1966 cernere
719 1911 749 1965 et
768 1924 854 1983 paene
872 1911 1001 1982 tangere
1018 1907 1211 1967 viderentur.

144 2016 252 2092 Neque
264 1997 345 2074 enim
359 2013 434 2074 mihi
453 2015 612 2091 probabile
626 2031 722 2089 neque
736 2031 845 2072 verum
865 2012 1028 2074 videbatur
1046 2033 1105 2091 me,
1121 2033 1213 2092 quum

144 2124 334 2183 fidelissimae
352 2129 443 2199 atque
463 2121 684 2199 antiquissimae
705 2121 874 2199 provinciae
901 2123 1104 2199 patrocinium
1127 2142 1215 2184 rece-

145 2231 268 2310 pissem,
293 2248 416 2291 oausam
434 2236 589 2307 tamquam
609 2231 699 2290 unius
723 2230 845 2289 clientis
862 2230 893 2288 in
910 2227 1052 2290 cubiculo
1066 2248 1133 2290 meo
1148 2232 1215 2292 dia-

141 2359 227 2401 cere.

186 2448 236 2508 27.
260 2449 327 2524 Ego
345 2463 453 2524 nuper,
475 2463 569 2522 quum
591 2444 726 2514 Reatini,
747 2445 921 2521 quiessent
941 2443 973 2503 in
994 2444 1054 2503 fide
1072 2463 1149 2520 mea,
1165 2463 1216 2506 me

148 2571 234 2616 suam
246 2554 400 2632 publicam
415 2569 537 2613 causam
555 2553 592 2612 de
617 2552 721 2612 Velini
734 2551 911 2612 fluminibus
926 2558 957 2612 et
971 2553 1121 2614 cuniculis
1135 2555 1214 2631 apud

147 2663 202 2722 hos
219 2663 359 2721 consules
374 2679 468 2738 agere
483 2659 666 2729 voluissent,
684 2678 743 2719 non
758 2660 933 2719 existimavi
947 2678 996 2719 me
1010 2678 1108 2736 neque
1120 2661 1218 2738 digni-

148 2768 204 2828 tati
218 2768 412 2846 praefecturae
427 2767 620 2845 gravissimae
635 2785 732 2843 neque
752 2766 824 2825 fidei
847 2785 923 2826 meae
945 2767 1020 2826 satis
1036 2785 1104 2826 esse
1116 2767 1220 2827 factu-

148 2891 228 2943 rum,
254 2874 314 2934 nisi
337 2892 385 2932 me
404 2891 528 2934 causam
550 2874 638 2933 illam
660 2891 721 2932 non
745 2875 845 2934 solum
872 2873 1023 2950 homines,
1050 2874 1103 2933 sed
1127 2875 1219 2934 etiam

148 2982 234 3040 locus
247 2980 314 3058 ipse
326 2980 472 3056 lacusque
486 2980 650 3040 docuisset.

187 3089 237 3149 28.
262 3089 370 3164 Neque
387 3093 422 3147 tu
442 3088 532 3147 aliter
555 3086 692 3158 fecisses,
712 3088 827 3159 Triari,
849 3088 927 3149 site
947 3088 979 3148 id
999 3089 1112 3149 tulisti
1128 3087 1219 3149 Sardi

149 3197 250 3256 facere
259 3194 443 3269 voluissent,
455 3196 499 3270 hi,
512 3196 564 3271 qui
576 3200 606 3254 te
617 3196 649 3254 iu
663 3196 838 3256 Sardiniam
852 3197 977 3256 minime
992 3197 1100 3256 venire
1113 3198 1222 3256 voluc-

149 3312 233 3381 runt,
254 3321 292 3362 ne
315 3304 405 3379 longe
420 3303 513 3362 aliter
532 3304 632 3364 omnia
655 3311 746 3382 atque
769 3311 857 3365 erant
875 3306 912 3365 ad
927 3311 957 3365 te
973 3304 1074 3364 delata
1088 3323 1223 3382 cognos-

150 3429 247 3486 ceres,
270 3411 387 3469 nullam
407 3410 614 3471 multitudinis
632 3411 664 3472 in
687 3412 830 3472 Sardinia
851 3414 1018 3489 querelam,
1044 3413 1164 3472 nullum
1186 3411 1219 3470 in

152 3523 268 3582 Scauro
283 3518 386 3578 odium
400 3514 549 3599 popu[ta'.]

190 3628 242 3689 29.
264 3623 330 3707 [Ac
353 3627 436 3695 cide,
466 3627 588 3702 Triari,
611 3633 773 3704 quantam
792 3635 961 3707 praterea
983 3627 1115 3686 iatcrsit
1134 3628 1225 3684 trater

152 3752 257 3794 meam
270 3740 367 3809 atque
389 3741 481 3793 taam
501 3736 753 3793 accusationem.
771 3735 842 3811 Epo
861 3752 926 3794 aaa
943 3742 1020 3792 arete
1034 3749 1224 3809 comperea-

153 3845 279 3919 dr'aaoi,
296 3860 404 3920 qaam,
417 3843 691 3919 quemadmodum
703 3842 847 3918 Jupiter,
861 3844 892 3900 sr'
903 3851 1079 3918 poetaram
1093 3841 1223 3916 fabalis

181 4073 189 4103 1
206 4063 271 4112 llaec:
287 4070 416 4110 aratorum
428 4076 503 4122 usqae
513 4065 542 4109 ad
552 4068 564 4114 5
575 4063 602 4109 28
615 4065 699 4108 odiam
706 4077 774 4120 popa
784 4065 854 4108 hahet
866 4063 931 4108 solas
943 4062 1093 4107 'laurinensis
1103 4064 1183 4106 codex.

181 4137 271 4182 ²Haec:
287 4141 393 4192 (lampas
406 4159 418 4170 ·
432 4161 443 4170 -
457 4135 592 4182 Leontinos
606 4137 692 4180 habent
707 4137 847 4181 Rufinianus
864 4151 882 4180 c.
901 4139 927 4182 38
942 4141 967 4181 et
976 4138 1157 4180 Fortunatianus
1173 4138 1224 4179 Art.

153 4207 220 4252 libet.
231 4212 273 4262 111,
284 4222 306 4264 p.
317 4211 352 4252 91.
367 4208 488 4251 Amedeeus
502 4209 601 4266 Peyron.

180 4281 191 4315 3
206 4282 290 4324 borum
302 4285 437 4324 servaverat
446 4281 542 4324 Servius
555 4281 583 4324 ad
594 4283 678 4335 Georg.
690 4281 723 4324 lib
733 4284 751 4326 I.
766 4293 789 4323 v.
800 4281 846 4323 184.
864 4285 889 4323 A.
906 4281 1005 4335 Peyron.
