3024 4944
293 401 338 452 loa
397 363 653 452 'rseounurn
675 395 915 450 onsulouuu
937 397 1259 450 uernanrrauuu

290 523 337 584 ria
351 521 543 598 cruentavit;
559 517 688 598 diripuit
702 517 801 580 socios
814 537 823 594 3
838 517 935 594 leges,
951 517 1148 594 quaestiones,
1161 518 1279 596 jndioia
1294 519 1359 578 vio·

289 629 377 694 lavit.

332 737 381 800 19.
406 734 485 808 Quid
494 753 561 814 ego,
573 740 607 794 ut
618 733 809 794 involaveris
819 733 1023 811 provinciam,
1035 731 1213 810 praedicem,
1228 735 1361 794 eunoto¹

291 845 402 923 populo
412 845 551 906 Romano
564 843 715 904 clamante
727 859 762 900 ao
776 840 955 901 resistente!
970 841 1050 900 Nam
1064 846 1098 901 ut
1113 845 1143 900 te
1153 841 1219 901 illio
1227 842 1362 919 gesseris

291 971 350 1014 non
365 951 461 1012 audeo
476 951 589 1026 disere,
607 948 749 1025 quoniam
769 949 927 1008 absolutus
941 965 983 1008 es.
1001 948 1148 1008 Mentitus
1163 965 1232 1010 esse
1245 949 1363 1024 equites

291 1057 552 1132 romanos‚faleas
565 1055 791 1116 fuissetabulas
806 1054 1032 1114 honeratisimae
1048 1055 1186 1116 civitatis
1201 1056 1361 1132 existim03

291 1168 453 1229 mentitum
468 1167 504 1236 Q.
522 1165 681 1224 Metellum
696 1162 796 1232 Pium,
815 1163 973 1222 mentitam
987 1163 1141 1239 Africam3
1157 1164 1277 1223 vidisse
1291 1170 1364 1241 puto

292 1275 394 1334 neseio
404 1273 476 1350 quid
490 1273 560 1333 illos
565 1271 759 1351 judiees,qui
769 1275 800 1328 te
808 1269 1194 1346 innoeentemjudioarunt.
1211 1271 1362 1331 Omiser!
1460 1348 1464 1354 ι
1487 1314 1488 1340 l

276 1383 343 1462 *qui
360 1399 419 1440 non
432 1380 547 1440 sentias
557 1379 611 1439 illo
622 1377 738 1457 judicio
752 1383 783 1436 te
798 1397 856 1437 non
871 1379 1055 1447 absolutum,
1066 1397 1174 1439 verum
1186 1379 1224 1438 ad
1240 1379 1365 1455 aliquod

293 1489 431 1550 severius
440 1486 593 1564 judicium
608 1503 643 1545 ao
657 1489 756 1564 majus
773 1485 957 1562 supplicium
970 1492 1176 1548 reservatum.

331 1597 380 1656 20.
403 1597 561 1656 Praetereo
576 1595 665 1654 illum
681 1592 833 1652 nefarium
857 1599 1000 1652 conatum
1015 1599 1102 1653 tuum
1117 1600 1147 1654 et
1161 1607 1248 1672 paene
1273 1614 1365 1658 acer-

293 1705 365 1762 bum
378 1708 408 1762 et
421 1703 595 1761 luetuosum
605 1700 715 1778 populo
728 1717 853 1758 romano
867 1698 957 1768 diem,
974 1717 1066 1774 quum
1076 1700 1131 1759 Cu.
1149 1701 1265 1760 Pisone
1281 1700 1365 1760 sooio

295 1825 391 1884 neque
406 1809 466 1867 alio
481 1807 600 1866 nemine
615 1807 727 1867 eaedem
742 1806 922 1882 optimatum
937 1806 1036 1866 faeere
1050 1807 1189 1867 voluisti.

333 1917 384 1976 21.
409 1918 458 1978 An
482 1917 597 1975 oblitus
622 1932 656 1975 es
675 1919 706 1974 te
724 1933 761 1974 ex
784 1933 842 1984 me,
869 1933 962 1990 quum
985 1920 1151 1993 praeturam
1175 1923 1364 1994 peteremus,

295 2023 408 2101 petisse
424 2029 457 2083 ut
470 2023 526 2083 tibi
541 2023 673 2100 primum
689 2024 790 2082 loeum
814 2021 1028 2082 concederem?
1043 2023 1130 2094 Quod
1145 2042 1239 2099 quum
1252 2027 1366 2103 saepius

296 2153 403 2212 ageres
426 2141 455 2194 et
476 2133 682 2211 impudentius
701 2153 718 2193 a
741 2152 789 2193 me
810 2134 1021 2204 contenderes
1049 2134 1217 2194 meministi
1236 2153 1284 2195 me
1308 2137 1366 2195 tibi

296 2243 477 2318 respondere
492 2239 684 2317 impudenter
693 2245 724 2298 te
737 2240 849 2310 faeere,
867 2239 961 2314 quiid
975 2257 997 2297 a
1008 2257 1056 2298 me
1069 2245 1190 2316 peteres
1205 2243 1286 2316 quod
1302 2261 1321 2301 a
1335 2248 1366 2302 te

297 2350 429 2408 Boculus
445 2365 598 2423 nunquam
612 2345 820 2422 impetrasset.

336 2458 387 2516 22.
410 2456 520 2516 Nescis
539 2473 587 2514 me
610 2462 772 2532 praetorem
796 2455 929 2532 primum
952 2475 1019 2516 esse
1040 2457 1166 2533 laetum,
1187 2463 1218 2517 te
1238 2477 1367 2521 eonces-

299 2563 383 2623 sione
403 2561 635 2638 competitorum
650 2568 680 2620 et
694 2561 856 2621 collatione
870 2545 1079 2622 centuriarum
1097 2568 1128 2621 et
1149 2545 1215 2622 meo
1230 2566 1367 2626 maxime
1405 2591 1409 2602 ¹

299 2669 443 2729 beneficio
457 2687 474 2727 e
489 2672 642 2744 postremo
656 2667 824 2726 intertium
839 2669 939 2732 locum
953 2686 1021 2728 esse
1035 2670 1229 2746 subjeetum?

253 2859 254 2862 Ἴ
337 2778 386 2836 23.
410 2777 498 2834 Dicit
521 2777 562 2834 de
584 2769 683 2833 'matis
706 2775 854 2833 civibus?
876 2776 934 2846 Qui
960 2778 1157 2852 posteaquam
1184 2777 1238 2836 illo
1263 2779 1366 2838 eonati

299 2890 386 2945 erant
409 2882 605 2960 Hispaniensi
623 2880 810 2958 pugiunculo
833 2900 945 2941 nervos
967 2883 1103 2941 incidere
1123 2881 1238 2942 civium
1263 2901 1368 2944 roma-

300 3010 406 3051 norum
426 3008 485 3048 uon
503 2993 679 3065 potuerunt,
694 2989 769 3048 duas
791 3007 850 3048 uno
865 2995 1001 3068 tempore
1021 2995 1171 3052 conantur
1190 2991 1220 3049 in
1238 3008 1367 3070 rempu-

232 3099 236 3108 '
299 3098 409 3158 blicam
425 3095 505 3155 sitas
521 3095 723 3172 destringere.

339 3205 388 3262 24.
413 3205 502 3261 Hune
521 3219 577 3260 vos
603 3202 712 3262 scitote
730 3203 880 3263 Licinium
900 3205 1101 3282 gladiatorem
1119 3209 1184 3284 jam
1199 3207 1367 3269 immisisse

299 3311 442 3386 cupidum
462 3307 474 3344 ²
493 3307 646 3382 Catilinae,
668 3312 798 3386 Judiees
825 3312 862 3382 Q.
890 3311 1027 3391 Curium,
1050 3312 1202 3374 hominem
1229 3322 1368 3393 quaesto-

298 3435 388 3479 rium.

325 3656 335 3691 ί
350 3659 384 3699 Ex
394 3654 430 3699 ed.
442 3656 482 3701 Ch.
492 3657 523 3698 du
534 3657 626 3702 Roaoir.

324 3723 336 3759 ²
351 3725 386 3770 En
399 3726 433 3768 ed.
445 3727 485 3772 Ch.
499 3727 529 3770 du
539 3729 633 3773 Rozoir.
