3044 4938
360 325 511 381 ORATIO
532 325 607 380 PRO
628 329 667 383 Μ.
691 323 1022 380 AEMrlLlOSCAURO
1116 317 1120 326 ⁸
1180 321 1226 375 107

159 448 328 541 videbat),
359 449 513 544 primum
534 448 576 522 de
593 450 667 546 ipso
687 473 820 544 genere
843 449 1089 537 accusationis,
1107 456 1243 541 postea·

159 563 352 654 deSardis,
370 575 443 636 turn
462 564 566 637 etiam
586 588 695 658 pauca
711 567 754 638 de
769 565 915 655 Scauro,
936 567 1084 662 denique
1103 563 1228 635 adhoc

159 680 333 753 horribile
358 689 392 752 et
416 679 683 754 formidolosum
708 679 981 756 frumentarium
999 682 1132 770 crimen
1147 701 1225 750 esse

159 819 396 869 accessurum.
419 798 529 891 Ergo,
553 797 640 869 illud
659 799 790 870 crimen
813 797 1065 885 dissoluturus,
1083 815 1225 868 accusa·

160 911 227 982 tori
240 913 408 985 invidiam
423 912 540 986 facere
550 915 751 1009 incipiebat,
767 914 981 987 ostendendo
995 909 1224 1002 quamferox,

159 1049 265 1120 quam
287 1026 494 1123 improbum,
508 1025 616 1124 ¹quarn
635 1030 793 1101 dolosum
808 1039 900 1101 esset
915 1029 980 1101 hoc
994 1025 1229 1102 accusationis

134 1217 140 1228 ,
159 1165 287 1240 genua,
306 1153 441 1216 tantum
458 1147 679 1218 comitiorum
696 1145 935 1218 consularium
955 1167 1061 1216 causa
1082 1169 1227 1240 compa-

160 1271 289 1334 ratum.
319 1261 443 1356 Neque
475 1261 552 1332 haec
596 1262 813 1355 argumentis
844 1270 904 1333 aut
944 1263 1137 1335 rationibus
1166 1263 1228 1336 sed

160 1377 342 1471 exemplis,
364 1400 443 1471 quae
458 1380 606 1450 maxime
626 1380 747 1451 valent
763 1401 911 1474 quaeque
925 1379 1023 1450 varie
1039 1379 1224 1467 tractabat,

161 1493 321 1565 studebat
347 1491 510 1588 probare,
534 1503 569 1566 et
591 1494 717 1566 deinde
746 1493 975 1587 significando
994 1496 1165 1589 quomodo
1190 1495 1227 1565 in

161 1609 425 1681 candidatorum
453 1609 621 1704 petitione
655 1609 788 1704 Appius
817 1609 982 1682 Claudius
1009 1632 1086 1681 sese
1112 1611 1227 1680 inter-

160 1722 345 1818 posuisset.
363 1723 532 1813 Primnm,
550 1724 650 1818 quasi
663 1725 896 1819 persuasisset
913 1723 1151 1815 adversarius,
1166 1725 1229 1794 im-

161 1838 351 1926 minuebat,
367 1838 527 1911 elevabat
540 1848 573 1911 et
588 1839 706 1929 istum,
723 1848 762 1910 ut
771 1839 819 1912 ita
835 1838 959 1929 dicam,
971 1839 1225 1928 contemnebat,

161 1953 258 2026 illius
276 1954 437 2027 fiduciam
465 1979 543 2027 cum
567 1955 607 2026 L.
628 1955 727 2045 AElii,
753 1953 857 2027 faceti
876 1955 1047 2043 libertini,
1069 1956 1226 2043 audacia,

163 2071 438 2144 sordidissimum
466 2072 643 2144 hominem
661 2071 697 2143 in
720 2073 891 2167 judicium
910 2073 1069 2144 vocantis
1106 2069 1229 2143 confe-

162 2188 271 2261 rendo
283 2211 292 2278 3
313 2197 360 2279 et,
391 2189 571 2282 paululum
591 2188 717 2260 animis
740 2190 788 2261 ita
810 2188 1005 2279 delectatis,
1026 2189 1069 2260 de
1098 2211 1136 2290 se
1154 2187 1230 2282 ipso

163 2313 234 2376 tam
249 2304 409 2398 graviter
424 2303 573 2394 dicebat,
587 2314 705 2376 utnon
723 2304 882 2400 studium¹
890 2303 1049 2376 advocati
1059 2302 1120 2376 sed
1129 2325 1230 2398 paene

163 2420 263 2492 testis
299 2421 403 2494 fidem
440 2419 606 2492 adhibere
644 2420 836 2493 videretur.
880 2419 1101 2492 Memorabat
1137 2413 1231 2490 enirn

164 2547 294 2631 quanta
310 2559 395 2610 cura
407 2536 432 2626 ¹,
445 2546 574 2634 quanta
591 2537 804 2609 conscientia
825 2547 1024 2632 quantaque
1046 2537 1229 2608 criminum

164 2654 421 2748 comparatione
437 2655 511 2749 ipse
528 2659 563 2725 et
578 2651 776 2724 Siculorum
791 2660 826 2724 et
840 2653 1070 2726 Reatinorum
1089 2675 1230 2724 causam
1328 2730 1329 2734 ,

164 2769 422 2861 constituisset3
444 2779 561 2865 atque,
585 2769 661 2840 haec
679 2769 1002 2864 honestatis-signa
1021 2767 1231 2865 proferendo

164 2887 455 2986 congerendoque
469 2887 675 2960 econtrario
685 2910 727 2959 ea
739 2910 819 2982 quae
832 2911 902 2958 non
916 2896 1019 2958 erant
1026 2887 1063 2957 in
1073 2885 1229 2972 Triaria

163 3002 209 3074 ab
226 3025 267 3073 eo
282 3003 468 3090 alienabat,
486 3003 588 3074 valde
602 3013 719 3076 autem
734 3003 801 3074 sibi
815 3001 1097 3074 benevolentiam
1113 3001 1232 3072 conci-

165 3117 287 3190 liabat.
325 3117 382 3190 Ad
413 3119 490 3208 hoc,
517 3119 628 3213 ipsius
660 3119 870 3191 accusatoris
902 3142 1029 3190 nomen
1054 3119 1234 3212 interpre-

164 3234 285 3322 tando,
310 3257 355 3304 ne
374 3235 432 3308 vel
458 3235 642 3306 minimum
666 3220 924 3328 argumentum
942 3237 1129 3324 omitteret,
1153 3257 1233 3306 eum

164 3349 274 3423 scibat
301 3350 428 3422 leviter
454 3349 708 3445 perstringere.
733 3351 825 3422 Turn
853 3374 921 3447 qua
939 3352 982 3422 de
1000 3373 1106 3422 causa
1133 3358 1231 3423 tanta

163 3467 345 3540 celeritate
354 3476 387 3538 et
401 3465 625 3540 festinatione
636 3467 797 3539 Triarius
810 3477 1002 3559 ususesset
1014 3467 1135 3539 Cicero
1145 3467 1233 3538 edo'·

164 3582 277 3658 cebat.
299 3585 368 3658 Hie
386 3585 488 3658 nobis
503 3595 579 3658 erat
598 3608 741 3659 necesse
759 3585 944 3677 ostendere
967 3605 1069 3678 quarn
1088 3581 1233 3653 subtili-

166 3711 234 3790 ter,
252 3723 356 3796 quam
375 3710 488 3792 caute,
513 3723 617 3798 quarn
632 3701 890 3774 dissimulanter
908 3700 1000 3773 hunc
1018 3699 1132 3772 locum
1147 3719 1233 3770 nos-

163 3825 219 3890 ter
236 3818 456 3904 tractaverit,
484 3839 587 3912 quam
602 3815 750 3889 mirifice
769 3815 905 3888 caverit
926 3839 945 3886 r<
976 3825 1050 3887 turn
1075 3838 1119 3886 ne
1134 3795 1248 3909 Appii*

164 3933 345 4006 inimicitia
364 3934 501 4007 obesset
517 3955 634 4006 causae
656 3932 809 4021 clientis,
823 3941 897 4004 tum
915 3955 961 4004 ne
974 3931 1130 4005 revelata
1148 3953 1234 4027 pac·
1347 3987 1352 3999 ,

198 4177 208 4214 ¹
224 4173 291 4230 Vide
306 4177 334 4228 C.
350 4178 372 4227 J.
389 4175 503 4228 Victoris
517 4174 607 4226 Artem
617 4173 783 4231 rhetoricam,
798 4187 820 4223 c.
835 4188 873 4234 vr,
886 4175 904 4237 g
916 4173 947 4222 l:
964 4171 995 4222 de
1018 4171 1158 4223 lociseirea
1174 4183 1237 4221 rem.
