3044 4938
277 359 426 411 oacrio
449 359 488 410 ru
512 359 1091 413 r.on0n1uuurc.cun10uuu
1185 361 1217 412 aa
1322 338 1325 344 ’

152 478 354 553 Ciceronem
380 477 490 552 fuisse
514 478 696 554 facetum¹.
724 480 887 552 Ceterum
911 503 1037 576 neque,
1071 503 1216 578 eaquae

152 595 293 670 nolebat
318 619 394 668 esse
421 595 460 667 in
486 597 691 669 adversario
711 592 972 696 eoncedend02,
1000 597 1114 669 ironia
1139 599 1212 686 uti',

151 737 278 809 neque,
306 714 463 807 rogando
482 724 517 787 et
535 714 711 805 instando,
733 715 769 785 in
788 715 909 788 eodem
927 715 1057 810 probra
1081 739 1215 808 congew

151 854 228 902 rere
257 829 447 918 desinebat,
474 831 542 901 nisi
569 854 687 925 quum,
709 831 747 900 in
776 828 1031 918 conclusione³,
1057 831 1215 902 oratione

150 944 195 1016 ad
209 953 390 1016 senatores
410 967 592 1035 conversa,
614 944 809 1017 affirmaret
832 969 903 1016 non
926 955 1069 1019 senatus
1090 955 1215 1018 aucto-

71 1077 74 1084 ‘
104 1046 107 1051 ¹
151 1060 290 1134 ritatem
304 1061 509 1148 concidisse,
526 1087 596 1134 non
612 1062 793 1136 deficiendi
807 1069 945 1154 tempus
959 1085 1049 1150 esse,
1070 1060 1215 1132 seduna

151 1175 257 1268 plaga
276 1175 433 1247 dolorem
452 1177 591 1272 quidem
608 1179 696 1250 viris
715 1178 816 1250 bonis
836 1178 1036 1266 accessisse,
1059 1200 1130 1248 non
1147 1199 1215 1248 au-

150 1301 220 1362 tem
245 1313 365 1363 eorum
392 1293 557 1366 virtutem
590 1317 667 1366 esse
693 1295 925 1366 imminutam.
955 1294 1080 1388 Neque
1100 1295 1136 1364 in
1161 1293 1214 1364 his

148 1415 227 1482 erat
251 1405 414 1480 diffluens
437 1431 478 1481 ac
506 1410 621 1488 solata
647 1411 836 1482 verborum
868 1390 1072 1500 collocatio,
1106 1433 1210 1499 nam,

148 1530 335 1615 propterea
349 1524 440 1617 quod
458 1547 527 1596 non
541 1525 603 1596 illa
618 1523 767 1598 fulmina
786 1525 982 1613 vibrarent,
1003 1525 1071 1595 nisi
1085 1547 1214 1594 nurne-

147 1635 197 1706 ris
221 1647 379 1710 contorta
401 1636 592 1730 ferrentur,
618 1641 656 1710 in
682 1640 877 1735 quadruml
901 1639 1086 1732 redigebat
1113 1660 1213 1708 suam
1240 1627 1242 1631 ⁸

146 1751 437 1845 vituperationem
455 1777 621 1849 suamque
634 1756 920 1844 cohortationem,
938 1764 990 1843 ut,
1007 1754 1097 1849 quod
1108 1755 1214 1826 maxi-

102 1848 107 1860 ’
147 1889 242 1938 mum
262 1877 327 1958 est,
350 1892 427 1940 cum
446 1869 688 1958 delectatione,
706 1871 910 1943 adversario
925 1871 1122 1959 deturbate,
1142 1893 1211 1942 aa·

146 1983 314 2056 dientium
334 1987 467 2059 animos
486 1995 719 2082 permoveret.

194 2100 249 2172 lta'
261 2099 380 2174 habita
399 2127 475 2176 esse
490 2105 629 2175 videtur
645 2104 683 2174 in
697 2113 820 2174 senatu
830 2102 1007 2174 Ciceronis
1022 2100 1207 2188 sententia,

146 2224 315 2307 quantum
341 2242 404 2289 nos
431 2241 508 2289 eam
537 2220 749 2290 constituere
781 2217 980 2311 fragmenta
1012 2215 1207 2308 patiuntur,

146 2351 224 2420 quae
243 2331 393 2423 quidem,
418 2342 457 2403 ut
477 2345 619 2404 cursum
642 2333 754 2406 nostri
774 2332 926 2405 oratoris
939 2330 1205 2426 perspiciamus

145 2465 216 2514 non
228 2444 366 2517 inutilis
385 2456 438 2520 est
456 2475 463 2519 :
484 2471 567 2519 nam
585 2473 628 2520 ex
643 2448 933 2540 eaintelligimus
947 2445 1116 2542 quomodo
1133 2467 1209 2515 sese

142 2555 292 2630 libenter
317 2562 361 2632 iis
379 2563 541 2636 fluctibus
560 2564 738 2658 objecerit,
761 2564 832 2659 qui,
854 2571 892 2634 ut
910 2563 986 2656 ipse
1004 2557 1165 2648 fatetur5,
1186 2582 1207 2630 a

62 2685 64 2690 “
143 2677 318 2748 communi
341 2688 437 2772 peste
461 2679 611 2775 depulsi,
642 2682 680 2752 in
704 2681 927 2774 semetipsum
949 2676 1204 2749 redundarunt.

143 2789 288 2879 Verum,
306 2793 336 2864 si
345 2794 480 2866 dicendi
495 2797 634 2869 laudem
647 2805 784 2869 tantum
798 2804 1006 2889 spectamus,
1020 2815 1089 2862 non
1104 2791 1207 2862 istam

142 2905 358 3000 deperditam
388 2912 584 2983 orationem
615 2911 855 2983 vehementius
888 2908 1089 2980 desiderare
1121 2928 1208 2999 pos-

140 3019 294 3111 sumusl,
306 3047 416 3118 quum
432 3026 559 3120 saepius
569 3027 606 3096 in
620 3027 788 3098 Cicerone
802 3026 1022 3097 inveniamus
1037 3028 1206 3119 quomodo

140 3137 178 3208 in
192 3138 421 3234 vituperando
432 3143 657 3236 asperitatem
672 3141 907 3214 contentionis
920 3140 1139 3214 humanitate
1148 3143 1207 3216 vel

139 3254 376 3330 moderatione
388 3257 655 3354 haudquaquam
669 3259 812 3329 condire
829 3256 979 3342 studeat,
1000 3279 1040 3328 ac
1054 3280 1203 3330 sexcen-

169 3498 175 3532 ¹
197 3497 379 3561 Fragmentum
403 3501 457 3551 Vl:
481 3521 493 3549 a
514 3503 549 3552 At
568 3519 632 3560 sum,
655 3503 747 3566 inquit,
768 3503 930 3552 absolutae...
952 3503 1115 3551 muliebrium
1135 3501 1204 3550 relli-

137 3580 251 3641 gionum.
264 3599 277 3628 a

167 3660 179 3696 ²
196 3677 209 3704 a
225 3660 362 3722 Integritas
378 3667 422 3712 tua
437 3668 463 3713 te
477 3663 609 3728 purgarit,
625 3663 689 3711 mihi
708 3663 791 3722 crede,
814 3662 895 3726 pudor
909 3660 1012 3724 eripuit,
1024 3662 1075 3711 vita
1085 3667 1202 3712 anteacta

134 3740 280 3792 servavit.»
295 3742 370 3802 (Vide
381 3733 574 3803 Quintilianum,
590 3744 634 3793 lib.
645 3743 717 3801 VIII,
731 3760 753 3793 c.
768 3742 818 3805 vi.)

166 3819 178 3854 3
196 3819 352 3882 Fragmenta
366 3821 414 3870 Vll
427 3827 452 3871 et
466 3821 546 3872 Vlll:
564 3840 576 3869 a
590 3823 641 3871 Sed
653 3823 732 3872 nolite
743 3838 824 3872 una...
840 3822 936 3872 similes
951 3823 1046 3887 reperti
1061 3828 1154 3873 sunt.»

167 3900 178 3934 ⁴
197 3915 210 3946 a
226 3900 316 3959 Erras,
331 3901 420 3952 Clodi:
435 3917 484 3951 non
500 3907 524 3951 te
534 3901 633 3966 judices
646 3902 719 3962 Urbi,
733 3903 777 3951 sed
787 3903 883 3951 carceri
898 3909 1076 3966 reservarunt3
1087 3919 1168 3967 neque
1178 3909 1203 3952 te

39 3977 42 3984 ⁴
135 3979 245 4028 retinere
255 3979 282 4028 in
296 3980 408 4042 civitate,
424 3982 468 4030 sed
482 3981 571 4030 exsilio
581 3981 682 4046 privare
694 3981 835 4032 voluerunt.
847 4001 859 4030 a

166 4059 178 4094 ⁵
194 4059 232 4108 De
244 4059 360 4118 Oratore,
376 4059 418 4107 lib.
435 4061 455 4120 l,
467 4076 488 4113 c.
501 4077 519 4111 1.

165 4139 251 4188 ⁶Non
266 4138 364 4203 judicio
384 4142 509 4192 assentior
529 4141 576 4190 viri
601 4141 741 4191 doctissimi
759 4143 791 4192 Ε.
816 4142 949 4202 Lemaire,
970 4142 1027 4213 vide
1048 4143 1201 4192 Prooemium

132 4220 200 4274 illius
211 4219 242 4274 da
255 4219 407 4288 fragmentis
420 4221 565 4274 orationum
576 4221 611 4276 M.
623 4221 654 4270 T.
670 4221 807 4276 Ciceronis.
