3044 4938
308 451 354 504 lit
427 447 476 498 DE
495 443 713 498 CICERONIS
735 439 976 496 ORATIONUM
997 427 1259 494 r'aaemmnms

308 566 466 646 irruebat
491 575 527 639 et
554 563 703 660 denique
721 561 855 656 lapides
873 561 910 632 in
934 563 1097 634 consules
1110 561 1294 656 jaciendos
1312 585 1373 634 cu-

309 680 440 757 rabat¹.
454 683 499 756 At
514 680 601 756 Milo
615 691 751 771 contra,
762 680 833 777 qui,
847 677 1014 754 Cicerone
1028 677 1229 752 affirmante
1238 675 1265 768 ²,
1277 678 1373 750 solus

308 793 521 896 cognoverat
535 798 824 896 quemadmodum
837 822 907 871 non
923 799 1024 871 modo
1040 798 1183 872 vincere
1195 797 1258 870 sed
1270 797 1374 870 etiam

309 919 486 992 inimicum
504 913 777 988 intensissimum
798 916 930 990 vincire
948 923 1138 1011 oporteret,
1157 935 1221 986 sua
1238 911 1373 1021 familia

308 1035 565 1130 notissimisque
585 1033 843 1129 gladiatoribus
866 1031 1050 1124 subnixus,
1070 1033 1142 1104 vim
1163 1032 1198 1103 vi
1225 1029 1375 1127 repelle·

309 1154 380 1242 bat,
402 1153 533 1248 saepius
546 1152 715 1249 impetum
734 1152 983 1226 Clodianorum
996 1148 1202 1244 frangebam
1215 1161 1262 1239 et,
1277 1145 1375 1246 quasi

311 1269 378 1366 ipsi
398 1293 416 1340 u
434 1268 560 1342 devota
580 1278 615 1343 et
633 1269 821 1344 constituta
836 1268 903 1340 ista
921 1265 1036 1340 hostia
1051 1289 1127 1338 esse
1143 1291 1162 1336 r>
1181 1265 1372 1355 videretur,

310 1407 562 1482 nonnunquam
581 1385 625 1458 ad
644 1408 800 1482 pugnam
820 1408 900 1458 eum
917 1381 1075 1456 vocabat.
1092 1381 1244 1468 Interea,
1260 1405 1375 1480 quan-

221 1543 223 1550 ·
311 1525 415 1598 quam
433 1501 560 1575 Miloni
581 1500 753 1575 bonorum
775 1501 888 1574 studia
907 1498 1128 1596 apertissime
1151 1495 1318 1572 favebant
1337 1522 1376 1570 ao

312 1617 569 1692 multitudinem
594 1620 766 1692 urbanam
793 1617 954 1690 maximis
981 1617 1206 1703 muneribus,
1238 1616 1276 1688 in
1298 1637 1376 1712 quae

311 1734 380 1807 tria
400 1732 571 1807 effuderat
590 1734 801 1830 patrimonia
812 1731 837 1822 ³,
860 1733 1095 1824 deleniverat,
1122 1743 1266 1829 propter
1285 1734 1370 1806 assi-

309 1847 397 1920 duas
415 1846 682 1922 candidatorum
701 1850 952 1938 contentiones,
980 1850 1118 1923 comitia
1142 1873 1280 1946 semper
1297 1860 1373 1923 tra-

311 1962 496 2054 hebantur,
515 1988 579 2038 nec
589 1967 815 2060 magistratus
825 1967 862 2038 in
872 1966 1112 2062 insequentem
1123 1989 1253 2038 annum
1263 1967 1372 2039 creari

311 2077 366 2153 fas
384 2089 460 2154 erat
479 2105 486 2152 ι
505 2103 591 2175 ergo
610 2080 711 2154 ambo
731 2081 891 2155 consules
906 2090 1087 2169 senatum,
1109 2080 1373 2154 turbulentissi—

311 2198 376 2270 mis
398 2197 474 2270 istis
491 2196 717 2270 concionibus
739 2207 959 2285 commotum,
982 2219 1175 2269 convocare
1195 2193 1374 2290 quampri-

312 2335 406 2384 mum
419 2322 618 2386 statuerunt
632 2338 638 2385 :
652 2314 688 2386 in
702 2313 769 2386 hoc
781 2313 916 2403 ordine,
930 2336 1034 2409 quum
1047 2312 1154 2384 ceteri
1167 2311 1375 2384 sententiam

311 2427 424 2520 rogati
453 2427 513 2500 alii
539 2427 608 2501 alio
627 2429 728 2502 modo
747 2429 982 2518 dissererent,
1009 2431 1050 2502 P.
1072 2428 1232 2516 Clodius,
1255 2427 1312 2499 ubi
1332 2428 1375 2499 ad

311 2564 392 2613 eum
410 2551 556 2614 ventum
574 2551 640 2632 est,
662 2542 786 2618 acerbe
806 2554 840 2618 et
858 2543 1108 2618 contumeliose
1122 2553 1197 2616 turn
1210 2544 1246 2615 in
1268 2543 1374 2614 Milo-

312 2681 391 2730 nem
415 2666 488 2732 tum
507 2658 545 2730 in
573 2657 776 2732 Ciceronem
793 2662 953 2734 invectus
975 2670 1040 2733 est.
1068 2660 1180 2744 Quum
1200 2661 1294 2734 enim
1311 2661 1376 2733 hoc

311 2788 391 2852 ante
409 2781 526 2852 omnia
550 2779 687 2878 assequi
706 2779 812 2854 vellet
836 2789 874 2853 ut
896 2790 1028 2875 praetor
1046 2788 1137 2852 esset
1152 2803 1223 2852 non
1245 2781 1376 2852 Milone

310 2896 462 2986 consule,
479 2920 547 2992 quo
564 2896 693 2970 certius
708 2896 751 2969 de
766 2895 1029 2969 candidatorum
1049 2918 1286 2968 numerosum
1299 2921 1376 2968 mo-

312 3020 423 3101 veret,
446 3012 489 3084 de
507 3012 652 3100 ambitu,
670 3013 712 3085 de
729 3013 765 3085 vi
781 3012 818 3084 in
843 3011 1016 3086 sententia
1034 3035 1098 3084 sua
1119 3035 1198 3084 eum
1214 3008 1375 3107 postula-

311 3127 373 3215 vit,
388 3135 491 3223 atque
504 3125 696 3201 affirmavit
705 3128 864 3202 eumdem
875 3129 981 3222 longe
991 3129 1106 3199 minus
1117 3149 1220 3222 quam
1230 3127 1375 3202 haberet

309 3243 392 3348 aeris
418 3243 523 3318 alieni
546 3268 623 3318 esse
642 3244 851 3342 professum,
875 3246 970 3342 quia,
997 3252 1033 3315 ut
1059 3252 1160 3316 vetus
1188 3244 1237 3316 ait
1270 3245 1375 3317 scho-

310 3358 426 3448 liasta,
449 3360 649 3433 sestertium
665 3361 827 3455 sexagies
840 3362 878 3432 in
897 3383 969 3433 aere
985 3359 1095 3434 alieno
1110 3383 1147 3433 se
1159 3359 1303 3450 habere,
1321 3385 1375 3433 se-

310 3473 459 3546 cundnm
481 3484 635 3548 veterem
656 3477 954 3565 consuetudinem,
982 3475 1117 3548 Annius
1137 3473 1220 3546 Milo
1235 3476 1374 3547 denun-

309 3589 476 3662 ciaverat.
492 3591 544 3663 De
561 3591 629 3663 ista
643 3592 801 3664 oratione
815 3591 933 3664 nescio
952 3613 998 3663 an
1012 3615 1122 3662 unum
1136 3587 1373 3684 fragmentum

310 3705 504 3777 servaverit
518 3705 718 3794 scholiasta,
738 3706 768 3777 si
783 3706 924 3802 quidem
938 3715 1059 3778 narrat
1075 3707 1115 3776 Ρ.
1130 3705 1289 3777 Clodium
1303 3707 1374 3778 cla-

309 3841 423 3892 masse
456 3843 632 3894 nonaum
662 3830 825 3916 oportere
848 3828 988 3916 petere,
1014 3845 1032 3890 u
1060 3819 1119 3914 qui
1149 3841 1278 3913 magno
1303 3841 1373 3890 sere

340 4138 350 4176 ¹
368 4135 455 4188 Oratio
469 4154 514 4204 pro
528 4137 634 4198 Milone,
645 4155 667 4190 c.
681 4155 729 4191 xv.

338 4218 350 4255 ⁸
364 4218 451 4268 Oratio
463 4217 495 4268 de
507 4219 680 4284 Haruspicum
692 4221 830 4286 responsis,
846 4235 868 4272 o.
881 4235 918 4270 ιν.

338 4296 350 4336 ³
362 4296 429 4351 Vide
440 4304 617 4366 argumentum
628 4299 732 4354 Asconii
745 4298 777 4349 ed
788 4299 955 4354 Milonianam
965 4303 990 4350 et
1000 4303 1063 4349 orat.
1076 4313 1123 4364 pro
1134 4297 1238 4357 Milone,
1249 4311 1271 4346 c.
1286 4307 1370 4350 xxxv.
