3044 4938
266 431 414 482 ORATIO
434 431 594 486 CONTRA
616 431 848 483 GONCIONEM
868 429 899 488 Q·
921 428 1104 482 Marsum
1186 429 1218 480 69

150 553 388 647 respondisse3
419 551 563 623 dicendo
596 573 638 624 ea
678 554 825 624 crimina
852 574 1008 646 purgare
1044 533 1215 642 voluisse,

150 692 250 766 quae,
280 675 422 763 propter
449 668 711 762 conjuratorum
739 667 948 762 supplicium
975 677 1058 739 ante
1077 665 1214 738 calend.

144 787 287 876 januar.
307 785 471 857 Metellus
486 793 713 877 congesserat
723 807 733 873 ;
751 792 856 878 atque
872 782 1103 875 insigniorem
1120 783 1220 875 inju-

151 901 252 994 riam,
284 921 392 994 quum
414 899 635 970 inconcione
659 899 776 972 dicere
802 921 872 970 non
899 898 1078 992 potuisset,
1099 896 1220 970 ulcisci

149 1015 322 1106 gestiisse.
345 1014 567 1115 Verum,.bis
582 1015 766 1109 paululum
787 1016 970 1110 disputatis
989 1035 1067 1110 quae
1086 1013 1220 1084 leviora

150 1127 270 1201 forsan
298 1128 410 1202 videri
435 1137 599 1222 possunt,
629 1130 780 1202 maxima
804 1153 848 1202 ex
875 1138 975 1224 parte
1003 1127 1219 1223 deperditam

149 1245 343 1316 orationem
361 1253 414 1318 est
431 1253 568 1339 tempus
587 1246 801 1318 examinare.

197 1360 238 1430 ln
264 1360 422 1448 exordio,
455 1383 656 1454 quanquam
681 1359 808 1432 fiducia
834 1363 911 1454 ipsa
940 1360 1030 1432 solet
1060 1362 1220 1456 opinione

67 1456 69 1464 ¹
153 1474 370 1566 arrogantiae
397 1473 596 1578 laborare¹,
627 1476 908 1548 benevolentiam
934 1474 999 1547 sibi
1018 1497 1222 1571 comparare

151 1589 271 1662 Cicero
285 1613 355 1663 non
371 1591 551 1664 dubitabat
568 1590 772 1666 fortitudine
790 1615 854 1666 sua
867 1591 1066 1666 extollenda
1081 1598 1221 1665 contra,-

150 1705 282 1800 riisque
300 1706 406 1778 rebus
424 1707 461 1776 in
480 1706 724 1780 adversarium
745 1707 982 1797 conferendis,
1002 1715 1041 1778 ut
1057 1705 1145 1788 illud
1157 1727 1220 1776 nos

150 1822 264 1906 docet,
284 1823 375 1917 quod
385 1823 495 1894 Divus
509 1823 727 1917 Augustinus
739 1835 773 1897 et
785 1817 1084 1896 Fortunatianus2
1097 1821 1133 1892 in
1147 1819 1220 1892 suis

152 1936 350 2011 Rhetoricis
368 1938 554 2032 magnifice
572 1939 807 2012 laudaverunt
825 1965 832 2012 :
854 1965 873 2010 ι(
895 1940 953 2012 Sic
971 1939 1077 2024 enim,
1094 1943 1132 2005 ut
1146 1934 1220 2030 opi·

151 2075 231 2142 nor,
258 2054 424 2149 insequar
442 2052 658 2146 fugientem,
679 2055 842 2148 quoniam
861 2055 1028 2148 congredi
1046 2074 1117 2122 non
1137 2048 1218 2122 licet

153 2192 232 2238 oum
255 2169 451 2240 resistente.
481 2192 499 2236 n
525 2169 681 2257 Deinde,
717 2169 844 2240 animis
872 2170 921 2242 ita
942 2165 1215 2266 praeoccupatis,

157 2284 297 2379 plenam
317 2284 452 2355 timoris
471 2309 512 2357 ao
531 2309 634 2380 poene
663 2284 833 2359 afflictam
855 2284 1128 2381 rempnbbcam,
1155 2302 1218 2352 sua

153 2401 285 2472 virtute
314 2400 501 2488 excitatam⁴
529 2401 779 2497 latrocinioque
809 2400 997 2474 domestico
1032 2397 1217 2469 liberatam

149 2515 462 2607 commemorabat,
485 2527 519 2589 et
540 2516 772 2588 confirmabat
790 2516 891 2588 illam
909 2537 1091 2610 nunquam
1110 2511 1216 2585 fuisse

150 2630 389 2723 requieturam
407 2633 474 2703 nisi
501 2655 621 2704 eorum
641 2632 758 2721 exitio,
781 2633 841 2726 qui
865 2629 959 2704 faces
984 2651 1149 2704 accensas
1173 2627 1218 2700 ad

151 2745 262 2818 Urbis
282 2744 483 2820 incendium
495 2749 572 2841 jam
587 2749 624 2818 in
636 2770 764 2820 manus
782 2748 978 2832 sumebant,
1000 2745 1091 2841 qnod
1108 2743 1216 2816 exbis

149 2857 361 2954 fragmentis
382 2862 486 2956 plane
511 2863 686 2955 conjicere
713 2863 794 2934 licet
820 2887 827 2931 :
859 2886 877 2932 <r
904 2860 1090 2933 Permulsa
1113 2869 1216 2954 atque

151 2984 309 3048 recreata
325 2983 388 3048 est.
412 3017 461 3032 —
478 2979 556 3050 Nisi
573 3003 693 3052 eornm
713 2977 819 3049 exitio
839 3000 910 3048 non
924 2977 1175 3072 requieturam.
1195 2999 1213 3044 n

149 3093 253 3164 Hunc
283 3101 400 3163 autem
430 3092 565 3181 locum,
604 3118 670 3189 qno
699 3094 742 3164 de
772 3116 834 3164 sno
866 3092 1050 3163 consulatu
1079 3089 1215 3185 copiose

148 3204 199 3274 M.
223 3204 365 3278 Tullius
385 3208 613 3300 praedicabat,
635 3232 697 3282 nos
718 3207 812 3280 baud
830 3208 1056 3298 vehementer
1075 3206 1216 3277 deside-

149 3345 232 3392 rare
256 3323 474 3414 confitemur,
499 3333 685 3419 propterea
704 3324 796 3420 quod
814 3325 850 3394 in
873 3323 939 3396 hac
956 3324 1104 3397 materia
1124 3322 1217 3393 illins

147 3437 325 3532 picturas3
343 3461 384 3509 ac
397 3439 533 3512 sonitus
550 3439 690 3512 abunde
708 3437 883 3510 novimus.
902 3438 1005 3528 Tum,
1028 3438 1090 3514 tali
1106 3459 1215 3533 proau-

178 3658 187 3693 ¹
203 3657 382 3719 Quintilianus,
398 3659 443 3709 lib.
459 3659 506 3718 IV,
522 3676 544 3709 r.
560 3675 578 3709 1.
915 3719 922 3728 ¹

176 3737 188 3773 ²
204 3755 216 3784 (ι
232 3737 342 3789 Utamur
360 3739 494 3803 principiis
516 3737 541 3787 in
559 3739 633 3788 bonae
654 3739 780 3804 opinionis
795 3739 982 3800 controversiis
998 3739 1042 3790 sed
1057 3739 1216 3789 brevioribus

144 3823 169 3868 et
183 3819 350 3869 erectior-ibus
364 3821 449 3884 paulo,
465 3826 491 3870 et
509 3821 704 3884 confidentibus,
719 3827 745 3873 et
763 3822 846 3886 plenis
864 3822 1006 3884 dignitatis,
1022 3823 1076 3872 sine
1092 3821 1216 3886 jactantia

143 3897 277 3960 duntaxat,
292 3915 323 3948 ne
337 3913 378 3949 res
391 3900 476 3964 pariat
491 3901 613 3950 invidiam
630 3917 635 3951 :
652 3907 680 3952 ut
693 3908 732 3952 est
746 3902 808 3953 illud
828 3903 897 3968 apud
911 3903 1025 3952 Tullium
1043 3907 1135 3952 contra
1153 3917 1215 3950 con-

143 3977 245 4026 cionem
259 3977 353 4027 Metelli
370 3993 376 4025 :
394 3978 463 4026 «Sic
484 3979 560 4039 enirn,
576 3985 605 4030 ut
625 3981 725 4045 opinor,
741 3983 859 4044 insequor
881 3981 1029 4044 fugientem,
1045 4000 1057 4028 n
1079 3987 1128 4032 etr.
1143 3981 1215 4040 Quod

143 4072 274 4121 nunquam
290 4057 403 4122 profecto
416 4062 469 4108 tam
488 4059 622 4124 magnifice
644 4059 728 4109 dicere
749 4061 775 4110 in
797 4061 900 4109 exordio
919 4061 1006 4116 statim
1025 4076 1099 4110 orsus
1117 4062 1214 4119 fuisset,

143 4136 192 4184 nisi
207 4140 232 4184 et
247 4137 328 4201 ipsius
342 4138 454 4187 auctoris
467 4143 535 4188 esset
548 4139 656 4188 honesta
671 4155 778 4203 persona
792 4146 818 4190 et
829 4156 879 4200 res,
891 4141 921 4190 de
938 4155 987 4204 qua
997 4139 1126 4191 locuturus
1136 4145 1212 4201 esset,

144 4228 195 4262 non
211 4214 337 4278 improba.
352 4235 365 4264 n

175 4293 187 4328 ³
202 4293 243 4344 Ad
257 4296 372 4345 Atticum
387 4297 479 4361 Epist,
494 4299 539 4350 lib.
552 4301 573 4360 l,
587 4315 627 4372 ep.
643 4315 701 4350 xiv.
