3044 4938
302 371 335 420 72
421 371 469 420 DE
491 369 704 422 CICERONIS
725 371 968 422 ORATIONUM
991 369 1261 421 cananeum

213 466 217 474 Ι
303 499 369 580 ter,
386 489 486 561 illam
500 511 584 561 vero
599 490 783 583 gravitatis
808 492 1075 586 severitatisque
1093 513 1281 585 personam
1297 513 1369 560 non

303 605 522 700 appetivisse.
541 607 672 676 Verum
692 605 873 699 probabile
893 618 944 678 est
963 629 1074 702 neque
1092 605 1183 676 hanc
1198 605 1369 676 orationis

303 731 439 814 partem
454 743 579 815 aspere
597 721 805 791 tractavisse
824 719 1040 809 Ciceronem,
1057 744 1171 815 neque
1184 721 1221 790 in
1235 719 1362 790 adverae

303 835 436 907 sarium
465 834 623 906 acerbius
658 857 733 905 esse
756 837 930 907 invectum
962 862 969 905 :
1001 835 1043 918 Q.
1074 835 1241 907 Metellus
1274 835 1366 904 eninr

302 961 424 1047 postea
439 975 518 1021 cum
536 953 578 1022 P.
600 951 758 1042 Lentulo
770 953 913 1024 consule
928 951 1050 1023 consul
1064 953 1140 1044 ipse
1157 949 1237 1020 tulit
1252 948 1368 1041 legem

228 1071 233 1080 '
302 1067 448 1137 comitiis
476 1066 677 1137 centuriatis
696 1067 739 1137 de
763 1068 875 1138 reditu
898 1067 1089 1154 Ciceronis
1113 1088 1152 1136 ac
1179 1087 1258 1134 cum
1277 1064 1365 1156 opti-

302 1180 465 1269 matibus,
489 1180 526 1250 in
551 1181 613 1252 tali
641 1179 789 1252 re1non
811 1182 952 1274 ingrata
975 1181 1106 1253 oratori
1129 1189 1271 1266 nostro,
1293 1201 1368 1250 sese

301 1319 373 1368 non
387 1295 519 1368 invitus
533 1295 608 1388 conj
615 1299 726 1367 unxit.
754 1312 761 1332 ¹

350 1410 533 1483 Metellina
551 1409 613 1483 illa
632 1413 754 1502 oratio,
775 1414 866 1508 quod
885 1423 1006 1485 nostra
1025 1413 1202 1486 enarratio
1218 1411 1367 1485 fortasse

301 1527 552 1624 comprobavit,
572 1528 610 1598 in
623 1551 737 1622 genus
751 1529 994 1601 laudationum
1014 1531 1090 1603 sine
1106 1529 1211 1602 dubio
1231 1529 1275 1601 ab
1291 1553 1369 1625 om-

301 1644 407 1716 nibus
425 1643 656 1717 adscribetur.
677 1645 818 1716 Etenim
836 1647 874 1716 in
893 1646 970 1735 hac,
993 1655 1076 1718 ante
1094 1645 1223 1734 omnia,
1234 1645 1367 1716 dicendi

301 1759 463 1846 virtutes,
486 1783 564 1854 quae
581 1762 626 1831 ad
645 1759 811 1832 laudandi
836 1762 1009 1834 rationem
1035 1763 1223 1857 pertinent,
1247 1761 1368 1833 Cicero

301 1884 482 1946 assecutus
501 1882 567 1962 est,
584 1873 619 1943 id
638 1881 704 1961 est,
722 1873 1102 1970 circumscriptionem²
1117 1877 1364 1971 ambitumque,

301 1998 340 2061 ut
353 1999 520 2084 tanquam
532 1989 570 2058 in
587 1988 670 2060 orbe
694 1989 831 2061 inclusa
851 2002 1011 2063 curreret
1034 1992 1158 2079 oratio,
1180 1999 1213 2061 et
1236 1990 1368 2062 verbo-

302 2129 382 2177 rum
404 2107 711 2195 constructionem,
741 2131 759 2176 c
773 2103 818 2177 ‘ut
838 2107 936 2201 paria
954 2108 1097 2202 paribus
1115 2117 1149 2179 et
1168 2107 1298 2178 similia
1318 2107 1369 2177 si-

302 2221 442 2294 milibus
461 2245 554 2315 saepe
577 2220 829 2309 relerrentur3,
851 2232 889 2294 ut
907 2225 1095 2312 contraria,
1120 2233 1159 2294 ut
1176 2225 1365 2316 geminata,

302 2343 340 2407 ut
354 2360 541 2408 numerose
554 2337 727 2424 cadentia,
749 2361 820 2407 non
835 2338 880 2409 ad
900 2338 1166 2410 similitudinem
1185 2363 1365 2424 versuum,

302 2452 365 2522 sed
388 2453 432 2522 ad
452 2452 662 2546 explendum
679 2453 815 2523 aurium
831 2475 985 2543 sensum,
1004 2463 1083 2550 apto
1101 2455 1251 2549 quodam
1271 2451 1367 2549 quasi

301 2567 488 2638 verborum
507 2568 621 2638 mode.
647 2593 664 2637 >r
695 2567 785 2650 Quid
804 2569 914 2661 igitur
933 2570 1061 2640 mirum
1081 2571 1109 2640 si
1128 2569 1367 2653 Quintilianus

301 2681 482 2776 discipulis
502 2683 575 2755 suis
600 2683 645 2754 ad
663 2683 871 2756 imitandum
885 2685 922 2754 in
941 2687 1062 2756 eadem
1080 2687 1273 2780 proposuit,
1297 2707 1366 2754 non

237 2794 239 2802 ’
302 2824 422 2872 rerum
432 2800 603 2891 ordinem,
620 2824 691 2872 non
707 2801 960 2871 sententiarum
975 2824 1133 2890 acumen,
1151 2825 1220 2872 non
1233 2799 1368 2872 dicendi

302 2918 388 3006 vim,
422 2917 483 2988 sed
499 2917 565 2988 hoc
588 2917 727 2988 schema
754 2914 857 2994 λέξεως
884 2915 1109 2990 collocatione
1137 2917 1364 3012 exquisitum,

301 3031 393 3127 quod
409 3032 494 3127 ipsis
509 3033 667 3105 sensibus
687 3055 794 3127 quum
814 3032 966 3125 gratiam
986 3041 1059 3104 turn
1080 3033 1184 3104 etiarn
1200 3032 1296 3104 vires
1307 3055 1367 3103 ac-

303 3147 523 3220 commodat?
543 3147 600 3219 Sic
621 3149 715 3220 enirn
748 3148 849 3219 modo
868 3149 995 3218 miram
1018 3149 1215 3242 figurarum
1236 3149 1366 3218 mixtu-

303 3289 393 3355 ram,
414 3287 518 3360 quam
535 3264 638 3337 olorda
656 3262 812 3352 vocans,
835 3287 983 3359 quaeque
1001 3288 1080 3335 cum
1100 3285 1236 3336 summa
1248 3265 1365 3335 varie—

301 3525 359 3565 nem
372 3512 530 3564 Metellinam
543 3507 705 3559 referendum
719 3511 804 3556 censet
820 3507 853 3554 :’«
868 3503 950 3562 Quum
964 3517 1068 3567 parcere
1083 3502 1121 3552 vel
1135 3501 1229 3552 laedere
1244 3502 1365 3568 potuisset

301 3595 425 3658 (Tullius),
441 3597 470 3642 ut
483 3592 537 3654 ipse
550 3589 670 3646 affirmat,
684 3585 832 3650 ignoscendi
847 3597 964 3648 quaerens
982 3595 1081 3639 causas,
1095 3597 1145 3630 non
1159 3580 1281 3647 puniendi
1294 3597 1365 3631 ocea-

300 3676 384 3724 aiones
393 3691 406 3735 ,·
422 3673 490 3737 quod
511 3669 606 3734 judicis
629 3667 692 3717 lenti
721 3672 747 3716 et
768 3665 923 3716 considerati
947 3667 985 3713 est
1012 3663 1184 3728 proprium.»
1207 3663 1364 3726 (Ammianus

300 3753 472 3808 Marcellinus,
485 3751 531 3800 lib,
546 3749 616 3809 XIX,
632 3764 654 3798 c.
669 3751 726 3806 xm.)

249 3835 257 3850 '
332 3833 422 3882 1Vide
450 3833 475 3882 in
503 3831 533 3880 L.
554 3831 582 3882 C.
609 3829 744 3886 Pisonem,
769 3841 792 3875 c.
812 3840 859 3875 xv.
882 3853 912 3860 -
936 3825 983 3889 Ep.
1008 3824 1040 3873 ad
1068 3823 1229 3883 Familiares,
1253 3822 1306 3874 lib.
1330 3821 1365 3881 V,

300 3929 393 3981 ep.1v.
410 3941 437 3950 -
453 3914 525 3964 Orat,
546 3911 578 3960 ad
597 3911 719 3959 Senatum
736 3912 793 3971 post
814 3905 934 3966 reditum,
948 3921 971 3955 c.
992 3920 1018 3954 x.
1036 3933 1064 3940 —
1080 3904 1166 3953 Oratio
1181 3903 1212 3952 de
1226 3901 1367 3952 Provinciis

300 3995 483 4054 consularibus,
499 4007 522 4044 c.
538 4006 576 4052 rx,
592 4020 620 4027 -
635 3993 660 4040 et
674 3987 761 4038 Oratio
776 4001 822 4051 pro
837 3987 919 4036 Domo
935 4000 989 4046 sna,
1006 4002 1028 4036 c.
1041 4000 1079 4035 111.

331 4078 343 4112 ²
358 4078 458 4136 Orator,
474 4089 497 4125 e.
513 4087 567 4122 uxr.

331 4154 513 4206 ³Partitiones
526 4149 654 4206 oratoriae,
670 4163 692 4197 c.
708 4161 745 4195 xr.

333 4231 536 4295 ⁴Quintillanus,
552 4227 597 4279 lib,
614 4227 658 4286 1x‚
675 4241 697 4276 c.
709 4239 748 4274 ιιι.

406 4489 411 4492 “
501 4483 516 4518 δ
