3070 4950
282 387 313 436 38
400 390 448 439 DE
470 387 692 439 CICERONIS
712 385 956 437 ORATIONUM
977 386 1241 439 succurratis

283 511 321 583 in
348 535 386 583 se
414 521 545 582 certam
578 510 646 581 viri
677 509 769 598 illius
798 510 1014 580 voluntatem
1040 509 1207 596 efticeret,
1232 511 1357 584 Cicero

283 627 490 722 Pompeium
514 627 705 720 composite
733 624 955 697 exornabat:
983 626 1074 697 hanc
1093 636 1209 699 autem
1227 627 1357 702 defen-

282 745 392 815 sionis
407 755 544 839 partem
559 743 751 820 amisimus,
769 753 803 814 et
813 766 854 814 eo
870 742 985 835 magis
998 742 1236 815 desideramus
1252 749 1356 817 amis-

283 885 371 950 sam,
391 862 484 957 quod
514 883 591 932 eam
620 861 669 931 ita
701 858 819 931 verbis
848 868 1040 951 exaggerat
1059 858 1351 943 Quintilianus¹:

284 1005 302 1049 u
320 981 389 1051 Pro
410 979 449 1050 C.
474 977 637 1048 Cornelio
653 975 832 1070 popularis
851 974 913 1046 illa
928 975 1099 1046 uirtutum
1114 976 1177 1047 Gn.
1196 978 1353 1072 Pompeii

282 1094 579 1183 commemoratio,
598 1093 634 1162 in
651 1115 755 1186 quam
774 1092 836 1188 ille
855 1091 998 1162 divinus
1023 1102 1154 1180 orator,
1171 1095 1268 1166 velut
1285 1118 1355 1166 no-

282 1210 376 1279 mine
410 1211 485 1304 ipso
514 1209 614 1310 ducis
650 1191 775 1280 cursus
807 1209 945 1278 dicendi
979 1217 1172 1298 teneretur,
1204 1211 1353 1307 abrupto

281 1348 384 1419 quem
402 1325 628 1404 inchoaverat
645 1348 820 1413 sermone,
839 1325 988 1397 devertit
1006 1334 1172 1397 actutum.
1205 1353 1223 1396 u

331 1441 371 1511 ln
383 1442 569 1530 levissimis
583 1443 741 1515 detracta
750 1441 850 1536 prius
860 1441 1122 1513 accusatoribus
1136 1443 1217 1533 fide,
1231 1444 1353 1516 ultima

281 1556 338 1628 vel
356 1558 472 1651 potius
494 1559 717 1652 grauissima,
742 1558 779 1627 id
809 1567 872 1646 est,
894 1556 1094 1629 tribunatus
1118 1558 1266 1629 crimina
1286 1559 1354 1630 ob⁴
1378 1631 1381 1636 ,

276 1675 372 1768 jecta
385 1675 506 1746 Cicero
522 1673 809 1768 aggrediebatur.
827 1676 1015 1766 Postquam
1028 1675 1260 1766 majestatem,
1274 1699 1353 1770 quae

281 1791 387 1864 estin
408 1793 555 1884 imperio
572 1800 675 1884 atque
692 1791 730 1860 in
750 1790 844 1860 omni
864 1789 980 1884 populi
995 1791 1143 1862 Romani
1163 1790 1350 1883 dignitate,

282 1909 479 1994 definierat,
501 1931 546 1978 ne
569 1906 693 1999 vagari
713 1914 747 1977 et
772 1928 894 1978 errare
913 1914 1097 1998 cogeretur
1121 1907 1247 1993 oratic,
1272 1908 1352 2001 quid

282 2032 374 2094 esset
389 2023 608 2116 maJestatem
627 2022 801 2110 minuere,
816 2023 846 2092 si
863 2022 1011 2116 Boethio
1021 2018 1240 2110 credamus²,
1262 2033 1354 2094 trae-
1422 2102 1428 2106 -
1509 2027 1510 2036 ’

282 2137 392 2221 tabat,
416 2163 434 2207 u
469 2138 561 2232 quod
594 2138 721 2209 malam
743 2138 860 2229 legem
885 2137 1015 2209 tulerat
1038 2135 1232 2226 Cornelius,
1264 2139 1354 2233 quod

280 2253 435 2346 legendo,
443 2253 596 2326 codicem
612 2254 902 2326 intercessionem
923 2252 1128 2340 sustulerat,
1151 2253 1242 2346 quod
1257 2254 1351 2326 sedi-

275 2371 414 2440 tionem
448 2367 592 2442 fecerat.
621 2394 639 2440 u
671 2371 723 2448 De
746 2369 860 2464 primo
894 2369 1038 2440 crimine
1066 2366 1195 2460 duplici
1218 2369 1354 2439 ratione

282 2483 484 2557 Cornelium
505 2484 625 2557 Cicero
641 2484 831 2578 purgabat.
850 2487 942 2556 Nam
961 2507 1039 2555 cum
1057 2506 1191 2556 summa
1207 2483 1354 2577 diligen-

281 2600 328 2671 tia
341 2603 453 2696 primo
475 2600 573 2693 leges
591 2601 809 2694 perniciosas
830 2595 1071 2686 enumerabat,
1094 2622 1179 2694 quas
1193 2602 1352 2695 pruden-

281 2715 405 2786 tissimi
426 2739 468 2788 ac
482 2715 731 2810 sapientissimi
749 2715 908 2788 homines
927 2716 1115 2810 aliquando
1132 2715 1298 2804 tulerant,
1314 2724 1353 2787 ut

282 2853 324 2900 ex
354 2831 398 2901 iis
426 2829 637 2924 fragmentis
657 2831 820 2902 divinare
834 2854 1030 2926 ,possumus
1057 2857 1063 2901 :
1089 2857 1107 2902 u
1131 2835 1279 2905 Possum
1295 2834 1353 2902 di-

281 2969 375 3033 cere,
398 2955 464 3018 etc.
482 2991 528 2998 —
546 2949 694 3018 Possum
719 2956 753 3018 et
772 2947 942 3040 ejusdem,
963 2956 1029 3018 etc.
1048 2991 1093 2998 -
1113 2949 1243 3041 Legem
1258 2950 1354 3020 lici-

178 3129 181 3134 ,
281 3060 390 3146 niam,
416 3070 499 3150 etc,
522 3085 540 3130 u
567 3071 602 3132 et
625 3061 752 3132 deinde
776 3059 974 3133 affirmabat
1002 3062 1090 3133 nibil
1123 3066 1260 3160 senatui
1289 3067 1353 3136 de-

283 3174 433 3246 traxisse
452 3175 667 3260 Cornelium,
696 3200 803 3271 quum
823 3177 984 3271 quaedam
1005 3188 1122 3251 esseut
1148 3203 1294 3273 genera,
1317 3181 1354 3251 in

282 3290 407 3384 quibus
430 3314 493 3384 per
511 3299 670 3363 senatum
685 3316 782 3364 more
796 3293 970 3385 majorum
986 3295 1204 3368 statuebatur
1222 3297 1355 3391 aliquid

281 3404 326 3474 de
351 3403 502 3497 legibus,
525 3407 616 3500 quod
634 3407 692 3478 hie
709 3409 806 3479 locus
830 3431 955 3481 reuera
982 3434 1045 3482 nos
1069 3412 1169 3482 docet
1191 3437 1199 3481 ι
1220 3439 1237 3482 u
1255 3412 1356 3495 Qua-

281 3528 361 3590 tuor
387 3521 526 3592 omnino
555 3544 688 3614 genera
718 3531 814 3614 sunt,
839 3526 989 3619 judices,
1021 3536 1132 3598 etc.»
1161 3529 1262 3599 Hanc
1281 3547 1354 3596 suae

282 3630 494 3705 defensionis
519 3644 674 3728 partem,
708 3646 747 3708 ut
776 3641 921 3732 opinor,
952 3641 1179 3714 confirmabat
1203 3643 1353 3730 (licere,

283 3747 323 3817 P.
338 3747 544 3821 Africanum
555 3754 771 3846 superiorem
787 3757 1011 3828 memorando
1027 3781 1095 3828 non
1112 3747 1226 3828 solum
1239 3756 1355 3849 ipsum

315 3979 520 4042 1Quintilianus,
542 3983 587 4035 lib.
609 3985 653 4044 lV,
673 4003 695 4036 e.
715 4001 752 4035 111.
772 3988 909 4036 Deerrussc
931 3988 994 4036 mibi
1016 3989 1116 4038 videtur
1136 4007 1148 4036 u
1168 3990 1202 4038 du
1221 3990 1324 4052 Rozoir,
1342 4011 1355 4038 u

283 4074 361 4123 quum
375 4060 487 4111 affirmat
501 4063 527 4110 in
542 4063 590 4112 boc
605 4065 661 4115 loco
673 4066 743 4115 illam
756 4067 871 4131 Pompeii
887 4069 988 4118 laudem
998 4069 1181 4127 Quintilianum
1197 4072 1355 4134 designasse,

283 4153 358 4202 quam
374 4140 400 4188 iu
414 4141 530 4192 cretione
546 4159 592 4208 pro
606 4146 636 4196 L.
651 4147 768 4196 Cornelio
782 4148 863 4197 Balbo
877 4151 910 4212 (c.
925 4165 958 4210 iv,
972 4151 1037 4214 seq.)
1053 4150 1171 4214 legimus.

312 4218 326 4253 ²
341 4219 378 4267 De
393 4219 548 4272 Differentiis
562 4223 674 4288 Topicis.
692 4225 757 4276 Vide
771 4233 950 4292 argumentum
965 4229 1072 4296 Sigonii,
