3070 4950
700 822 748 874 Dr:

192 1065 439 1174 MARCI
494 1063 767 1218 TULLll
828 1057 1252 1244 Cluultouls

364 1309 554 1435 llllllllllll
576 1363 834 1434 lllllllllllllll
856 1361 1075 1432 lllllllllllS

188 1669 791 1680 m--ffl--n-——t-
796 1672 801 1675 -
806 1670 886 1677 -----
898 1668 1254 1680 ..Μὴ-..-

407 2101 574 2204 omrio
604 2101 684 2174 ruo
711 2100 758 2174 u.
785 2099 972 2175 rosim
997 2100 1027 2174 11

161 2411 165 2416 ’
235 2413 379 2502 Omnes,
397 2414 455 2510 qui
475 2420 557 2484 suut
571 2413 750 2486 Ciceronis
765 2413 909 2485 studiosi
924 2421 957 2483 et
972 2411 1142 2504 fautores,
1156 2414 1250 2486 haud

185 2531 354 2624 ignorant
362 2530 456 2602 illum
466 2554 536 2601 uon
545 2530 730 2603 admodum
740 2555 900 2626 puerum,
915 2539 953 2603 ut
963 2532 1121 2604 nonnulli
1131 2557 1250 2628 aequa·

185 2647 272 2738 les',
289 2646 417 2741 agendi
432 2648 572 2719 initium
585 2648 778 2741 sumpsisse
785 2673 794 2738 ;
811 2647 884 2735 sed,
901 2656 936 2719 et
949 2646 1073 2720 litteris
1084 2660 1118 2722 et
1129 2649 1249 2720 rheto-

185 2787 264 2834 rum
287 2759 471 2858 praeceptis
500 2773 535 2834 et
561 2785 662 2858 paene
685 2763 881 2847 incredibili
909 2767 1055 2838 scientia
1080 2767 1246 2853 tinctum,

181 2878 313 2973 judicia
332 2881 502 2972 attigisse,
520 2879 653 2974 utquid
670 2878 817 2951 dicendo
831 2889 948 2975 posset
961 2879 1101 2953 efficere
1114 2882 1159 2954 ad
1171 2905 1250 2953 om-

186 2996 243 3066 nia
262 3006 407 3090 paratus
425 3004 559 3067 tantum
582 3004 744 3068 tentaret.
764 2996 861 3067 lnter
879 3007 996 3069 autem
1020 3021 1080 3074 eas
1103 3020 1247 3086 causae,

186 3134 272 3208 quas
291 3112 431 3183 biennio
453 3110 538 3204 egit,
559 3133 664 3204 quum
683 3112 822 3183 circiter
845 3133 906 3183 sex
926 3123 960 3184 et
977 3113 1104 3205 viginti
1124 3136 1248 3196 anuos,

185 3227 336 3320 primum
359 3228 396 3297 iu
425 3225 541 3299 forum
567 3227 678 3313 venit,
705 3226 784 3297 duaa
809 3235 943 3299 tantum
963 3230 1141 3300 memoriae
1165 3252 1249 3323 pro-

186 3331 331 3432 d'uutur,
354 3342 485 3414 scilicet
502 3365 573 3414 uua
593 3342 731 3435 privata
751 3366 815 3435 pro
836 3346 876 3414 P.
894 3344 1049 3434 Quintio,
1065 3369 1129 3439 pro
1144 3345 1251 3417 Sexto

186 3459 311 3530 Roscio
330 3459 495 3532 Amerino
520 3458 633 3529 altera
658 3455 808 3550 publica.
835 3460 1014 3547 Attamen,
1039 3483 1248 3555 quanquam,

186 3574 351 3668 praecepti
371 3596 490 3661 causa,
507 3574 608 3644 nobis
622 3597 692 3645 non
705 3583 797 3646 esset
812 3575 936 3648 inutile
950 3575 1086 3668 ingenii
1106 3576 1253 3648 Cicero-

186 3689 240 3759 nis
267 3698 302 3761 et
320 3689 528 3785 eloquentiae
556 3690 656 3784 quasi
681 3689 891 3761 incunabula
911 3688 1128 3784 perspicere,
1152 3693 1183 3761 si
1211 3715 1253 3762 ex

187 3804 312 3873 ceteris
335 3802 441 3896 hujus
460 3804 576 3875 aetatis
597 3802 814 3875 orationibus
830 3828 874 3875 ne
891 3803 966 3876 ulla
981 3804 1118 3899 quidem
1133 3829 1202 3876 vox
1216 3806 1253 3876 in

187 3917 389 3990 rhetoribus
400 3920 458 3990 vel
471 3920 710 4013 grammaticis
729 3928 855 4008 exstat,
869 3943 912 3992 ne
928 3919 1065 3993 litteras
1076 3921 1256 3994 Romanas

188 4033 371 4104 credamus
386 4033 517 4129 aliquid
537 4035 654 4107 damni
675 4035 758 4108 iude
773 4035 910 4126 fecisse,
929 4061 1033 4131 quum
1053 4036 1256 4109 eCioerone

218 4270 228 4308 ¹
246 4268 342 4332 Caesar,
356 4269 459 4334 Calvus,
473 4271 564 4324 Pollio.
