<?xml version="1.0" encoding="UTF-8"?>
<!DOCTYPE html PUBLIC "-//W3C//DTD XHTML 1.0 Transitional//EN"
    "http://www.w3.org/TR/xhtml1/DTD/xhtml1-transitional.dtd">
<html xmlns="http://www.w3.org/1999/xhtml" xml:lang="en" lang="en">
 <head>
  <title>
</title>
<meta http-equiv="Content-Type" content="text/html;charset=utf-8" />
  <meta name='ocr-system' content='tesseract 3.04.00' />
  <meta name='ocr-capabilities' content='ocr_page ocr_carea ocr_par ocr_line ocrx_word'/>
</head>
<body>
  <div class='ocr_page' id='page_1' title='image "./demarcitulliici00beligoog_0116.png"; bbox 0 0 3044 4938; ppageno 0'>
   <div class='ocr_carea' id='block_1_1' title="bbox 476 315 1260 370">
    <p class='ocr_par' dir='ltr' id='par_1_1' title="bbox 476 315 1260 370">
     <span class='ocr_line' id='line_1_1' title="bbox 476 315 1260 370; baseline 0.008 -6"><span class='ocrx_word' id='word_1_1' title='bbox 476 315 628 366; x_wconf 78' lang='lat' dir='ltr'>ORATIO</span> <span class='ocrx_word' id='word_1_2' title='bbox 648 315 727 366; x_wconf 86' lang='lat' dir='ltr'>PRO</span> <span class='ocrx_word' id='word_1_3' title='bbox 748 317 783 366; x_wconf 88' lang='lat' dir='ltr'>P.</span> <span class='ocrx_word' id='word_1_4' title='bbox 806 315 977 366; x_wconf 85' lang='lat' dir='ltr'>VATINIO</span> <span class='ocrx_word' id='word_1_5' title='bbox 1226 321 1260 370; x_wconf 80' lang='grc'>95</span> 
     </span>
    </p>
   </div>
   <div class='ocr_carea' id='block_1_2' title="bbox 110 437 1263 3544">
    <p class='ocr_par' dir='ltr' id='par_1_2' title="bbox 182 437 1263 1577">
     <span class='ocr_line' id='line_1_2' title="bbox 190 437 1254 532; baseline 0.004 -24"><span class='ocrx_word' id='word_1_6' title='bbox 190 437 308 510; x_wconf 88' lang='lat' dir='ltr'>firmat</span> <span class='ocrx_word' id='word_1_7' title='bbox 325 437 489 510; x_wconf 87' lang='lat' dir='ltr'>videlicet</span> <span class='ocrx_word' id='word_1_8' title='bbox 507 438 589 532; x_wconf 90' lang='lat' dir='ltr'>quia</span> <span class='ocrx_word' id='word_1_9' title='bbox 608 437 760 510; x_wconf 84' lang='lat' dir='ltr'>Atticum</span> <span class='ocrx_word' id='word_1_10' title='bbox 779 461 817 509; x_wconf 90' lang='lat' dir='ltr'>sc</span> <span class='ocrx_word' id='word_1_11' title='bbox 832 437 899 509; x_wconf 89' lang='lat' dir='ltr'>dici</span> <span class='ocrx_word' id='word_1_12' title='bbox 914 445 1088 510; x_wconf 88' lang='lat' dir='ltr'>oratorem</span> <span class='ocrx_word' id='word_1_13' title='bbox 1101 441 1254 530; x_wconf 88' lang='lat' dir='ltr'>volebat,</span> 
     </span>
     <span class='ocr_line' id='line_1_3' title="bbox 190 543 1257 651; baseline 0.005 -26"><span class='ocrx_word' id='word_1_14' title='bbox 190 555 273 626; x_wconf 92' lang='lat' dir='ltr'>dum</span> <span class='ocrx_word' id='word_1_15' title='bbox 281 543 1257 651; x_wconf 82' lang='lat' dir='ltr'>Quintilianus¹frequentervobemcntemquoquefuisse</span> 
     </span>
     <span class='ocr_line' id='line_1_4' title="bbox 190 667 1256 764; baseline 0.005 -24"><span class='ocrx_word' id='word_1_16' title='bbox 190 671 267 764; x_wconf 89' lang='lat' dir='ltr'>ejus</span> <span class='ocrx_word' id='word_1_17' title='bbox 281 671 475 742; x_wconf 89' lang='lat' dir='ltr'>orationem</span> <span class='ocrx_word' id='word_1_18' title='bbox 488 667 634 758; x_wconf 88' lang='lat' dir='ltr'>fatetur,</span> <span class='ocrx_word' id='word_1_19' title='bbox 658 669 741 741; x_wconf 92' lang='lat' dir='ltr'>dum</span> <span class='ocrx_word' id='word_1_20' title='bbox 763 667 917 743; x_wconf 77' lang='lat' dir='ltr'>Seneoa²</span> <span class='ocrx_word' id='word_1_21' title='bbox 934 670 1036 742; x_wconf 93' lang='lat' dir='ltr'>illum</span> <span class='ocrx_word' id='word_1_22' title='bbox 1054 668 1162 746; x_wconf 83' lang='lat' dir='ltr'>fuisse</span> <span class='ocrx_word' id='word_1_23' title='bbox 1176 674 1256 745; x_wconf 84' lang='lat' dir='ltr'>vio-</span> 
     </span>
     <span class='ocr_line' id='line_1_5' title="bbox 188 785 1255 886; baseline 0.005 -31"><span class='ocrx_word' id='word_1_24' title='bbox 188 785 323 859; x_wconf 91' lang='lat' dir='ltr'>lentum</span> <span class='ocrx_word' id='word_1_25' title='bbox 343 796 578 858; x_wconf 84' lang='lat' dir='ltr'><strong>accusatorem</strong></span> <span class='ocrx_word' id='word_1_26' title='bbox 602 785 772 872; x_wconf 82' lang='lat' dir='ltr'>affirmat3</span> <span class='ocrx_word' id='word_1_27' title='bbox 795 787 879 859; x_wconf 92' lang='lat' dir='ltr'>dum</span> <span class='ocrx_word' id='word_1_28' title='bbox 903 787 1044 860; x_wconf 83' lang='lat' dir='ltr'><strong>Tacitus</strong></span> <span class='ocrx_word' id='word_1_29' title='bbox 1062 789 1135 884; x_wconf 90' lang='lat' dir='ltr'>ipse</span> <span class='ocrx_word' id='word_1_30' title='bbox 1152 787 1177 878; x_wconf 82' lang='lat'>³,</span> <span class='ocrx_word' id='word_1_31' title='bbox 1196 791 1255 886; x_wconf 92' lang='lat' dir='ltr'>qui</span> 
     </span>
     <span class='ocr_line' id='line_1_6' title="bbox 188 888 1252 1000; baseline 0.007 -30"><span class='ocrx_word' id='word_1_32' title='bbox 188 903 412 996; x_wconf 90' lang='lat' dir='ltr'>antiquorum</span> <span class='ocrx_word' id='word_1_33' title='bbox 440 912 619 974; x_wconf 90' lang='lat' dir='ltr'>oratorum</span> <span class='ocrx_word' id='word_1_34' title='bbox 649 888 852 976; x_wconf 26' lang='lat' dir='ltr'>sermonem*</span> <span class='ocrx_word' id='word_1_35' title='bbox 881 903 1066 976; x_wconf 92' lang='lat' dir='ltr'>borridum</span> <span class='ocrx_word' id='word_1_36' title='bbox 1095 905 1252 1000; x_wconf 83' lang='lat' dir='ltr'>respuit,</span> 
     </span>
     <span class='ocr_line' id='line_1_7' title="bbox 182 1017 1255 1112; baseline 0.004 -24"><span class='ocrx_word' id='word_1_37' title='bbox 182 1017 348 1097; x_wconf 71' lang='lat' dir='ltr'>&#39;eumdem</span> <span class='ocrx_word' id='word_1_38' title='bbox 362 1018 545 1090; x_wconf 86' lang='lat' dir='ltr'>sublimius</span> <span class='ocrx_word' id='word_1_39' title='bbox 558 1029 593 1092; x_wconf 89' lang='lat' dir='ltr'>ct</span> <span class='ocrx_word' id='word_1_40' title='bbox 608 1019 736 1092; x_wconf 92' lang='lat' dir='ltr'>cultius</span> <span class='ocrx_word' id='word_1_41' title='bbox 755 1019 890 1091; x_wconf 88' lang='lat' dir='ltr'>dicendi</span> <span class='ocrx_word' id='word_1_42' title='bbox 906 1042 1019 1112; x_wconf 83' lang='lat' dir='ltr'>genus</span> <span class='ocrx_word' id='word_1_43' title='bbox 1037 1018 1255 1092; x_wconf 77' lang='lat' dir='ltr'>intellexisse</span> 
     </span>
     <span class='ocr_line' id='line_1_8' title="bbox 189 1133 1255 1227; baseline 0.004 -25"><span class='ocrx_word' id='word_1_44' title='bbox 189 1155 259 1202; x_wconf 91' lang='lat' dir='ltr'>non</span> <span class='ocrx_word' id='word_1_45' title='bbox 281 1140 399 1224; x_wconf 80' lang='lat' dir='ltr'>negat.</span> <span class='ocrx_word' id='word_1_46' title='bbox 421 1133 479 1217; x_wconf 85' lang='lat' dir='ltr'>At,</span> <span class='ocrx_word' id='word_1_47' title='bbox 502 1134 531 1204; x_wconf 92' lang='lat' dir='ltr'>si</span> <span class='ocrx_word' id='word_1_48' title='bbox 552 1135 645 1204; x_wconf 91' lang='lat' dir='ltr'>inter</span> <span class='ocrx_word' id='word_1_49' title='bbox 663 1136 843 1206; x_wconf 89' lang='lat' dir='ltr'>Romanos</span> <span class='ocrx_word' id='word_1_50' title='bbox 862 1136 905 1206; x_wconf 89' lang='lat' dir='ltr'>dc</span> <span class='ocrx_word' id='word_1_51' title='bbox 920 1134 1020 1207; x_wconf 83' lang='lat' dir='ltr'>Calvi</span> <span class='ocrx_word' id='word_1_52' title='bbox 1038 1135 1182 1227; x_wconf 85' lang='lat' dir='ltr'>ingenio</span> <span class='ocrx_word' id='word_1_53' title='bbox 1197 1145 1255 1206; x_wconf 86' lang='lat' dir='ltr'>at-</span> 
     </span>
     <span class='ocr_line' id='line_1_9' title="bbox 188 1248 1254 1345; baseline 0.004 -27"><span class='ocrx_word' id='word_1_54' title='bbox 188 1271 255 1341; x_wconf 87' lang='lat' dir='ltr'>que</span> <span class='ocrx_word' id='word_1_55' title='bbox 273 1249 468 1343; x_wconf 82' lang='lat' dir='ltr'>eloquentia·</span> <span class='ocrx_word' id='word_1_56' title='bbox 484 1250 644 1345; x_wconf 86' lang='lat' dir='ltr'>quaedam</span> <span class='ocrx_word' id='word_1_57' title='bbox 667 1250 838 1322; x_wconf 85' lang='lat' dir='ltr'>dissensio</span> <span class='ocrx_word' id='word_1_58' title='bbox 867 1248 950 1341; x_wconf 85' lang='lat' dir='ltr'>luit,</span> <span class='ocrx_word' id='word_1_59' title='bbox 979 1258 1115 1321; x_wconf 87' lang='lat' dir='ltr'>constat</span> <span class='ocrx_word' id='word_1_60' title='bbox 1138 1261 1254 1322; x_wconf 90' lang='lat' dir='ltr'>tamen</span> 
     </span>
     <span class='ocr_line' id='line_1_10' title="bbox 187 1363 1263 1471; baseline 0.002 -39"><span class='ocrx_word' id='word_1_61' title='bbox 187 1363 281 1436; x_wconf 88' lang='lat' dir='ltr'>inter</span> <span class='ocrx_word' id='word_1_62' title='bbox 294 1388 414 1438; x_wconf 90' lang='lat' dir='ltr'>omnes</span> <span class='ocrx_word' id='word_1_63' title='bbox 427 1365 527 1437; x_wconf 92' lang='lat' dir='ltr'>illum</span> <span class='ocrx_word' id='word_1_64' title='bbox 544 1365 582 1436; x_wconf 93' lang='lat' dir='ltr'>in</span> <span class='ocrx_word' id='word_1_65' title='bbox 594 1366 796 1471; x_wconf 82' lang='lat' dir='ltr'>Vatinianis</span> <span class='ocrx_word' id='word_1_66' title='bbox 810 1365 1089 1438; x_wconf 81' lang='lat' dir='ltr'>accusationibus</span> <span class='ocrx_word' id='word_1_67' title='bbox 1103 1365 1185 1460; x_wconf 92' lang='lat' dir='ltr'>quid</span> <span class='ocrx_word' id='word_1_68' title='bbox 1197 1365 1263 1435; x_wconf 85' lang='lat' dir='ltr'>di-&#39;</span> 
     </span>
     <span class='ocr_line' id='line_1_11' title="bbox 186 1480 1254 1577; baseline 0.001 -27"><span class='ocrx_word' id='word_1_69' title='bbox 186 1480 297 1552; x_wconf 84' lang='lat' dir='ltr'>condo</span> <span class='ocrx_word' id='word_1_70' title='bbox 315 1491 430 1576; x_wconf 89' lang='lat' dir='ltr'>posset</span> <span class='ocrx_word' id='word_1_71' title='bbox 448 1490 664 1573; x_wconf 83' lang='lat' dir='ltr'>ostentassc3</span> <span class='ocrx_word' id='word_1_72' title='bbox 685 1505 772 1577; x_wconf 90' lang='lat' dir='ltr'>quas</span> <span class='ocrx_word' id='word_1_73' title='bbox 785 1482 891 1569; x_wconf 90' lang='lat' dir='ltr'>inter,</span> <span class='ocrx_word' id='word_1_74' title='bbox 911 1504 953 1552; x_wconf 90' lang='lat' dir='ltr'>ea</span> <span class='ocrx_word' id='word_1_75' title='bbox 971 1490 1024 1554; x_wconf 91' lang='lat' dir='ltr'>est</span> <span class='ocrx_word' id='word_1_76' title='bbox 1037 1483 1144 1574; x_wconf 85' lang='lat' dir='ltr'>longe</span> <span class='ocrx_word' id='word_1_77' title='bbox 1157 1480 1254 1552; x_wconf 87' lang='lat' dir='ltr'>cele-</span> 
     </span>
    </p>

    <p class='ocr_par' dir='ltr' id='par_1_3' title="bbox 110 1583 1253 2503">
     <span class='ocr_line' id='line_1_12' title="bbox 110 1583 1252 1692; baseline 0.001 -27"><span class='ocrx_word' id='word_1_78' title='bbox 110 1594 118 1598; x_wconf 76' lang='grc'><strong>’</strong></span> <span class='ocrx_word' id='word_1_79' title='bbox 185 1583 338 1668; x_wconf 87' lang='lat' dir='ltr'>berrima</span> <span class='ocrx_word' id='word_1_80' title='bbox 357 1620 474 1692; x_wconf 90' lang='lat' dir='ltr'>quam,</span> <span class='ocrx_word' id='word_1_81' title='bbox 492 1599 530 1668; x_wconf 92' lang='lat' dir='ltr'>L.</span> <span class='ocrx_word' id='word_1_82' title='bbox 549 1598 700 1670; x_wconf 90' lang='lat' dir='ltr'>Domitio</span> <span class='ocrx_word' id='word_1_83' title='bbox 715 1596 963 1684; x_wconf 87' lang='lat' dir='ltr'>Ahenobarbo,</span> <span class='ocrx_word' id='word_1_84' title='bbox 982 1597 1095 1692; x_wconf 86' lang='lat' dir='ltr'>Appio</span> <span class='ocrx_word' id='word_1_85' title='bbox 1108 1596 1252 1668; x_wconf 87' lang='lat' dir='ltr'>Claudio</span> 
     </span>
     <span class='ocr_line' id='line_1_13' title="bbox 129 1711 1253 1808; baseline 0.002 -26"><span class='ocrx_word' id='word_1_86' title='bbox 129 1713 133 1720; x_wconf 85' lang='lat'>&#39;</span> <span class='ocrx_word' id='word_1_87' title='bbox 185 1733 291 1800; x_wconf 81' lang='lat' dir='ltr'>coss,</span> <span class='ocrx_word' id='word_1_88' title='bbox 314 1714 503 1786; x_wconf 88' lang='lat' dir='ltr'>constituit.</span> <span class='ocrx_word' id='word_1_89' title='bbox 525 1714 677 1803; x_wconf 81' lang='lat' dir='ltr'>Etenim,</span> <span class='ocrx_word' id='word_1_90' title='bbox 699 1715 798 1808; x_wconf 88' lang='lat' dir='ltr'>quasi</span> <span class='ocrx_word' id='word_1_91' title='bbox 819 1714 887 1785; x_wconf 91' lang='lat' dir='ltr'>sibi</span> <span class='ocrx_word' id='word_1_92' title='bbox 910 1711 1115 1786; x_wconf 83' lang='lat' dir='ltr'>adscivisset</span> <span class='ocrx_word' id='word_1_93' title='bbox 1131 1713 1253 1784; x_wconf 91' lang='lat' dir='ltr'>inimi-</span> 
     </span>
     <span class='ocr_line' id='line_1_14' title="bbox 185 1827 1252 1916; baseline 0.003 -20"><span class='ocrx_word' id='word_1_94' title='bbox 185 1849 264 1896; x_wconf 89' lang='lat' dir='ltr'>cum</span> <span class='ocrx_word' id='word_1_95' title='bbox 282 1827 474 1916; x_wconf 88' lang='lat' dir='ltr'>Vatinium,</span> <span class='ocrx_word' id='word_1_96' title='bbox 493 1853 570 1900; x_wconf 92' lang='lat' dir='ltr'>eum</span> <span class='ocrx_word' id='word_1_97' title='bbox 586 1829 628 1900; x_wconf 92' lang='lat' dir='ltr'>de</span> <span class='ocrx_word' id='word_1_98' title='bbox 647 1830 683 1899; x_wconf 88' lang='lat' dir='ltr'>vi</span> <span class='ocrx_word' id='word_1_99' title='bbox 704 1829 900 1901; x_wconf 88' lang='lat' dir='ltr'>accusando</span> <span class='ocrx_word' id='word_1_100' title='bbox 914 1828 940 1916; x_wconf 65' lang='lat'>⁴,</span> <span class='ocrx_word' id='word_1_101' title='bbox 958 1837 997 1900; x_wconf 89' lang='lat' dir='ltr'>ut</span> <span class='ocrx_word' id='word_1_102' title='bbox 1011 1828 1168 1900; x_wconf 90' lang='lat' dir='ltr'>obsidem</span> <span class='ocrx_word' id='word_1_103' title='bbox 1183 1831 1252 1900; x_wconf 88' lang='lat' dir='ltr'>rei·</span> 
     </span>
     <span class='ocr_line' id='line_1_15' title="bbox 184 1941 1250 2039; baseline 0.002 -25"><span class='ocrx_word' id='word_1_104' title='bbox 184 1943 332 2037; x_wconf 85' lang='lat' dir='ltr'>publicae</span> <span class='ocrx_word' id='word_1_105' title='bbox 345 1943 476 2032; x_wconf 82' lang='lat' dir='ltr'>daret⁵‚</span> <span class='ocrx_word' id='word_1_106' title='bbox 498 1968 599 2017; x_wconf 90' lang='lat' dir='ltr'>orsus</span> <span class='ocrx_word' id='word_1_107' title='bbox 619 1956 671 2018; x_wconf 91' lang='lat' dir='ltr'>est</span> <span class='ocrx_word' id='word_1_108' title='bbox 684 1945 722 2016; x_wconf 92' lang='lat' dir='ltr'>in</span> <span class='ocrx_word' id='word_1_109' title='bbox 742 1943 819 2018; x_wconf 87' lang='lat' dir='ltr'>foro</span> <span class='ocrx_word' id='word_1_110' title='bbox 838 1946 970 2033; x_wconf 88' lang='lat' dir='ltr'>dicere;</span> <span class='ocrx_word' id='word_1_111' title='bbox 989 1941 1132 2039; x_wconf 77' lang='lat' dir='ltr'>postea⁶</span> <span class='ocrx_word' id='word_1_112' title='bbox 1145 1945 1181 2015; x_wconf 92' lang='lat' dir='ltr'>in</span> <span class='ocrx_word' id='word_1_113' title='bbox 1192 1947 1250 2039; x_wconf 90' lang='lat' dir='ltr'>jus</span> 
     </span>
     <span class='ocr_line' id='line_1_16' title="bbox 184 2060 1250 2155; baseline 0.001 -25"><span class='ocrx_word' id='word_1_114' title='bbox 184 2061 344 2132; x_wconf 89' lang='lat' dir='ltr'>eumdem</span> <span class='ocrx_word' id='word_1_115' title='bbox 362 2061 499 2131; x_wconf 88' lang='lat' dir='ltr'>vocavit</span> <span class='ocrx_word' id='word_1_116' title='bbox 514 2083 555 2132; x_wconf 88' lang='lat' dir='ltr'>ea</span> <span class='ocrx_word' id='word_1_117' title='bbox 574 2069 778 2155; x_wconf 86' lang='lat' dir='ltr'>tempestate</span> <span class='ocrx_word' id='word_1_118' title='bbox 798 2063 868 2155; x_wconf 79' lang='lat' dir='ltr'>q&#39;ua</span> <span class='ocrx_word' id='word_1_119' title='bbox 882 2060 1005 2132; x_wconf 84' lang='lat' dir='ltr'>Cicero</span> <span class='ocrx_word' id='word_1_120' title='bbox 1019 2063 1056 2131; x_wconf 93' lang='lat' dir='ltr'>in</span> <span class='ocrx_word' id='word_1_121' title='bbox 1071 2061 1250 2132; x_wconf 88' lang='lat' dir='ltr'>Vatinium</span> 
     </span>
     <span class='ocr_line' id='line_1_17' title="bbox 183 2175 1251 2271; baseline 0.004 -27"><span class='ocrx_word' id='word_1_122' title='bbox 183 2175 294 2262; x_wconf 83' lang='lat' dir='ltr'>dixit3</span> <span class='ocrx_word' id='word_1_123' title='bbox 316 2177 468 2260; x_wconf 88' lang='lat' dir='ltr'>tandem,</span> <span class='ocrx_word' id='word_1_124' title='bbox 492 2199 596 2271; x_wconf 91' lang='lat' dir='ltr'>quum</span> <span class='ocrx_word' id='word_1_125' title='bbox 616 2199 754 2270; x_wconf 86' lang='lat' dir='ltr'>semper</span> <span class='ocrx_word' id='word_1_126' title='bbox 773 2175 939 2268; x_wconf 87' lang='lat' dir='ltr'>ejudicio</span> <span class='ocrx_word' id='word_1_127' title='bbox 958 2175 1139 2248; x_wconf 88' lang='lat' dir='ltr'>absolutus</span> <span class='ocrx_word' id='word_1_128' title='bbox 1162 2199 1251 2248; x_wconf 86' lang='lat' dir='ltr'>eva-</span> 
     </span>
     <span class='ocr_line' id='line_1_18' title="bbox 183 2290 1250 2388; baseline 0 -26"><span class='ocrx_word' id='word_1_129' title='bbox 183 2290 295 2379; x_wconf 85' lang='lat' dir='ltr'>deret,</span> <span class='ocrx_word' id='word_1_130' title='bbox 313 2315 500 2388; x_wconf 91' lang='lat' dir='ltr'>quumque,</span> <span class='ocrx_word' id='word_1_131' title='bbox 520 2292 622 2365; x_wconf 92' lang='lat' dir='ltr'>malis</span> <span class='ocrx_word' id='word_1_132' title='bbox 643 2293 778 2365; x_wconf 89' lang='lat' dir='ltr'>artibus</span> <span class='ocrx_word' id='word_1_133' title='bbox 803 2292 1129 2385; x_wconf 83' lang='lat' dir='ltr'>Caesaris-adjutus,</span> <span class='ocrx_word' id='word_1_134' title='bbox 1152 2314 1250 2387; x_wconf 82' lang='lat' dir='ltr'>prae-</span> 
     </span>
     <span class='ocr_line' id='line_1_19' title="bbox 184 2407 1249 2503; baseline 0 -26"><span class='ocrx_word' id='word_1_135' title='bbox 184 2416 300 2480; x_wconf 89' lang='lat' dir='ltr'>turam</span> <span class='ocrx_word' id='word_1_136' title='bbox 320 2409 386 2480; x_wconf 87' lang='lat' dir='ltr'>iste</span> <span class='ocrx_word' id='word_1_137' title='bbox 407 2409 624 2493; x_wconf 87' lang='lat' dir='ltr'>obtinuisset,</span> <span class='ocrx_word' id='word_1_138' title='bbox 647 2410 728 2480; x_wconf 92' lang='lat' dir='ltr'>dum</span> <span class='ocrx_word' id='word_1_139' title='bbox 741 2410 792 2480; x_wconf 93' lang='lat' dir='ltr'>M.</span> <span class='ocrx_word' id='word_1_140' title='bbox 811 2410 896 2481; x_wconf 88' lang='lat' dir='ltr'>Gato</span> <span class='ocrx_word' id='word_1_141' title='bbox 914 2410 1120 2503; x_wconf 89' lang='lat' dir='ltr'>competitor</span> <span class='ocrx_word' id='word_1_142' title='bbox 1139 2407 1249 2480; x_wconf 83' lang='lat' dir='ltr'>ferret</span> 
     </span>
    </p>

    <p class='ocr_par' dir='ltr' id='par_1_4' title="bbox 138 2524 1261 3544">
     <span class='ocr_line' id='line_1_20' title="bbox 149 2524 1248 2619; baseline -0.004 -21"><span class='ocrx_word' id='word_1_143' title='bbox 149 2591 153 2598; x_wconf 89' lang='lat'><em>.</em></span> <span class='ocrx_word' id='word_1_144' title='bbox 184 2524 381 2617; x_wconf 89' lang='lat' dir='ltr'>repulsam,</span> <span class='ocrx_word' id='word_1_145' title='bbox 411 2526 516 2619; x_wconf 88' lang='lat' dir='ltr'>hujus</span> <span class='ocrx_word' id='word_1_146' title='bbox 540 2527 592 2598; x_wconf 91' lang='lat' dir='ltr'>rei</span> <span class='ocrx_word' id='word_1_147' title='bbox 617 2525 827 2618; x_wconf 85' lang='lat' dir='ltr'>indignitate</span> <span class='ocrx_word' id='word_1_148' title='bbox 856 2534 1070 2616; x_wconf 89' lang='lat' dir='ltr'>commotus,</span> <span class='ocrx_word' id='word_1_149' title='bbox 1091 2533 1248 2619; x_wconf 83' lang='lat' dir='ltr'>praetura</span> 
     </span>
     <span class='ocr_line' id='line_1_21' title="bbox 138 2639 1249 2736; baseline -0.002 -26"><span class='ocrx_word' id='word_1_150' title='bbox 138 2649 141 2668; x_wconf 86' lang='grc'><strong>’</strong></span> <span class='ocrx_word' id='word_1_151' title='bbox 178 2639 254 2732; x_wconf 90' lang='lat' dir='ltr'>jam</span> <span class='ocrx_word' id='word_1_152' title='bbox 278 2651 389 2734; x_wconf 87' lang='lat' dir='ltr'>gesta,</span> <span class='ocrx_word' id='word_1_153' title='bbox 417 2641 566 2714; x_wconf 88' lang='lat' dir='ltr'>ambitus</span> <span class='ocrx_word' id='word_1_154' title='bbox 583 2642 761 2715; x_wconf 84' lang='lat' dir='ltr'>accusavit</span> <span class='ocrx_word' id='word_1_155' title='bbox 783 2642 980 2726; x_wconf 87' lang='lat' dir='ltr'>Vatinium,</span> <span class='ocrx_word' id='word_1_156' title='bbox 1005 2650 1110 2736; x_wconf 88' lang='lat' dir='ltr'>atque</span> <span class='ocrx_word' id='word_1_157' title='bbox 1127 2641 1166 2710; x_wconf 92' lang='lat' dir='ltr'>in</span> <span class='ocrx_word' id='word_1_158' title='bbox 1185 2640 1249 2710; x_wconf 90' lang='lat' dir='ltr'>hoc</span> 
     </span>
     <span class='ocr_line' id='line_1_22' title="bbox 182 2754 1249 2854; baseline 0 -28"><span class='ocrx_word' id='word_1_159' title='bbox 182 2780 222 2826; x_wconf 91' lang='lat' dir='ltr'>eo</span> <span class='ocrx_word' id='word_1_160' title='bbox 244 2759 356 2850; x_wconf 85' lang='lat' dir='ltr'>magis</span> <span class='ocrx_word' id='word_1_161' title='bbox 370 2759 560 2831; x_wconf 82' lang='lat' dir='ltr'>exsultavit</span> <span class='ocrx_word' id='word_1_162' title='bbox 584 2760 674 2854; x_wconf 91' lang='lat' dir='ltr'>quod</span> <span class='ocrx_word' id='word_1_163' title='bbox 693 2758 895 2830; x_wconf 85' lang='lat' dir='ltr'>Ciceronem</span> <span class='ocrx_word' id='word_1_164' title='bbox 919 2757 1163 2830; x_wconf 89' lang='lat' dir='ltr'>adversarium</span> <span class='ocrx_word' id='word_1_165' title='bbox 1181 2754 1249 2826; x_wconf 89' lang='lat' dir='ltr'>ha-</span> 
     </span>
     <span class='ocr_line' id='line_1_23' title="bbox 182 2870 1248 2966; baseline -0.001 -25"><span class='ocrx_word' id='word_1_166' title='bbox 182 2870 298 2946; x_wconf 90' lang='lat' dir='ltr'>bebat.</span> <span class='ocrx_word' id='word_1_167' title='bbox 315 2873 370 2946; x_wconf 85' lang='lat' dir='ltr'>Ex</span> <span class='ocrx_word' id='word_1_168' title='bbox 387 2874 451 2946; x_wconf 91' lang='lat' dir='ltr'>illa</span> <span class='ocrx_word' id='word_1_169' title='bbox 470 2876 629 2948; x_wconf 91' lang='lat' dir='ltr'>oratione</span> <span class='ocrx_word' id='word_1_170' title='bbox 652 2872 851 2966; x_wconf 85' lang='lat' dir='ltr'>fragmenta</span> <span class='ocrx_word' id='word_1_171' title='bbox 875 2873 1040 2966; x_wconf 89' lang='lat' dir='ltr'>pauciora</span> <span class='ocrx_word' id='word_1_172' title='bbox 1059 2879 1248 2966; x_wconf 89' lang='lat' dir='ltr'>supersunt</span> 
     </span>
     <span class='ocr_line' id='line_1_24' title="bbox 182 2983 1248 3087; baseline -0.004 -27"><span class='ocrx_word' id='word_1_173' title='bbox 182 3011 284 3082; x_wconf 88' lang='lat' dir='ltr'>quarn</span> <span class='ocrx_word' id='word_1_174' title='bbox 298 2983 337 3062; x_wconf 87' lang='lat' dir='ltr'>ut</span> <span class='ocrx_word' id='word_1_175' title='bbox 353 3013 428 3062; x_wconf 88' lang='lat' dir='ltr'>eam</span> <span class='ocrx_word' id='word_1_176' title='bbox 444 2990 549 3087; x_wconf 88' lang='lat' dir='ltr'>plane</span> <span class='ocrx_word' id='word_1_177' title='bbox 564 2991 773 3063; x_wconf 88' lang='lat' dir='ltr'>adumbrare</span> <span class='ocrx_word' id='word_1_178' title='bbox 787 2989 978 3083; x_wconf 83' lang='lat' dir='ltr'>possimus3</span> <span class='ocrx_word' id='word_1_179' title='bbox 997 3011 1135 3078; x_wconf 87' lang='lat' dir='ltr'>verum,</span> <span class='ocrx_word' id='word_1_180' title='bbox 1153 2995 1191 3057; x_wconf 91' lang='lat' dir='ltr'>ut</span> <span class='ocrx_word' id='word_1_181' title='bbox 1205 3009 1248 3058; x_wconf 86' lang='lat' dir='ltr'>ex</span> 
     </span>
     <span class='ocr_line' id='line_1_25' title="bbox 182 3101 1247 3199; baseline -0.005 -24"><span class='ocrx_word' id='word_1_182' title='bbox 182 3105 331 3197; x_wconf 88' lang='lat' dir='ltr'>quodam</span> <span class='ocrx_word' id='word_1_183' title='bbox 345 3106 421 3177; x_wconf 93' lang='lat' dir='ltr'>loco</span> <span class='ocrx_word' id='word_1_184' title='bbox 442 3107 649 3191; x_wconf 90' lang='lat' dir='ltr'>Quintiliani</span> <span class='ocrx_word' id='word_1_185' title='bbox 669 3105 841 3199; x_wconf 87' lang='lat' dir='ltr'>conjicere</span> <span class='ocrx_word' id='word_1_186' title='bbox 861 3101 972 3193; x_wconf 83' lang='lat' dir='ltr'>licet⁷,</span> <span class='ocrx_word' id='word_1_187' title='bbox 994 3104 1094 3174; x_wconf 93' lang='lat' dir='ltr'>illum</span> <span class='ocrx_word' id='word_1_188' title='bbox 1112 3111 1247 3174; x_wconf 89' lang='lat' dir='ltr'>certum</span> 
     </span>
     <span class='ocr_line' id='line_1_26' title="bbox 181 3200 1245 3294; baseline -0.004 -4"><span class='ocrx_word' id='word_1_189' title='bbox 181 3229 322 3292; x_wconf 91' lang='lat' dir='ltr'>estnon</span> <span class='ocrx_word' id='word_1_190' title='bbox 345 3200 509 3294; x_wconf 82' lang='lat' dir='ltr'>Verrinis</span> <span class='ocrx_word' id='word_1_191' title='bbox 533 3221 811 3294; x_wconf 88' lang='lat' dir='ltr'>accusationibus</span> <span class='ocrx_word' id='word_1_192' title='bbox 833 3218 943 3292; x_wconf 84' lang='lat' dir='ltr'>fuisse</span> <span class='ocrx_word' id='word_1_193' title='bbox 964 3217 1180 3292; x_wconf 87' lang='lat' dir='ltr'>inferiorem.</span> <span class='ocrx_word' id='word_1_194' title='bbox 1207 3217 1245 3286; x_wconf 95' lang='lat' dir='ltr'>In</span> 
     </span>
     <span class='ocr_line' id='line_1_27' title="bbox 181 3327 1261 3431; baseline -0.001 -26"><span class='ocrx_word' id='word_1_195' title='bbox 181 3336 365 3430; x_wconf 90' lang='lat' dir='ltr'>principio,</span> <span class='ocrx_word' id='word_1_196' title='bbox 387 3348 425 3410; x_wconf 89' lang='lat' dir='ltr'>ut</span> <span class='ocrx_word' id='word_1_197' title='bbox 448 3339 586 3410; x_wconf 88' lang='lat' dir='ltr'>animos</span> <span class='ocrx_word' id='word_1_198' title='bbox 605 3337 764 3431; x_wconf 89' lang='lat' dir='ltr'>judicum</span> <span class='ocrx_word' id='word_1_199' title='bbox 792 3359 812 3408; x_wconf 90' lang='lat' dir='ltr'>a</span> <span class='ocrx_word' id='word_1_200' title='bbox 836 3360 896 3408; x_wconf 90' lang='lat' dir='ltr'>reo</span> <span class='ocrx_word' id='word_1_201' title='bbox 915 3336 1100 3423; x_wconf 85' lang='lat' dir='ltr'>alienaret,</span> <span class='ocrx_word' id='word_1_202' title='bbox 1123 3344 1162 3405; x_wconf 95' lang='lat' dir='ltr'>ut</span> <span class='ocrx_word' id='word_1_203' title='bbox 1189 3327 1261 3404; x_wconf 81' lang='lat' dir='ltr'>eos&#39;</span> 
     </span>
     <span class='ocr_line' id='line_1_28' title="bbox 180 3449 1244 3544; baseline 0.003 -23"><span class='ocrx_word' id='word_1_204' title='bbox 180 3449 313 3525; x_wconf 83' lang='lat' dir='ltr'>faceret</span> <span class='ocrx_word' id='word_1_205' title='bbox 336 3462 498 3541; x_wconf 89' lang='lat' dir='ltr'>attentos,</span> <span class='ocrx_word' id='word_1_206' title='bbox 521 3464 560 3526; x_wconf 93' lang='lat' dir='ltr'>ut</span> <span class='ocrx_word' id='word_1_207' title='bbox 583 3455 685 3527; x_wconf 90' lang='lat' dir='ltr'>simul</span> <span class='ocrx_word' id='word_1_208' title='bbox 705 3456 852 3526; x_wconf 88' lang='lat' dir='ltr'>livorem</span> <span class='ocrx_word' id='word_1_209' title='bbox 872 3478 950 3527; x_wconf 92' lang='lat' dir='ltr'>cum</span> <span class='ocrx_word' id='word_1_210' title='bbox 976 3452 1053 3526; x_wconf 92' lang='lat' dir='ltr'>odio</span> <span class='ocrx_word' id='word_1_211' title='bbox 1077 3461 1244 3544; x_wconf 89' lang='lat' dir='ltr'>moveret,</span> 
     </span>
    </p>
   </div>
   <div class='ocr_carea' id='block_1_3' title="bbox 210 3686 961 4071">
    <p class='ocr_par' dir='ltr' id='par_1_5' title="bbox 212 3686 414 3746">
     <span class='ocr_line' id='line_1_29' title="bbox 212 3686 414 3746; baseline 0.025 -12"><span class='ocrx_word' id='word_1_212' title='bbox 212 3687 221 3724; x_wconf 83' lang='lat'>¹</span> <span class='ocrx_word' id='word_1_213' title='bbox 240 3686 295 3736; x_wconf 83' lang='lat' dir='ltr'>Lib.</span> <span class='ocrx_word' id='word_1_214' title='bbox 309 3686 343 3746; x_wconf 88' lang='lat' dir='ltr'>X,</span> <span class='ocrx_word' id='word_1_215' title='bbox 356 3704 378 3740; x_wconf 89' lang='lat' dir='ltr'>o.</span> <span class='ocrx_word' id='word_1_216' title='bbox 395 3703 414 3739; x_wconf 87' lang='lat' dir='ltr'>r.</span> 
     </span>
    </p>

    <p class='ocr_par' dir='ltr' id='par_1_6' title="bbox 211 3767 613 3833">
     <span class='ocr_line' id='line_1_30' title="bbox 211 3767 613 3833; baseline 0.012 -18"><span class='ocrx_word' id='word_1_217' title='bbox 211 3768 223 3802; x_wconf 80' lang='lat'>²</span> <span class='ocrx_word' id='word_1_218' title='bbox 240 3767 346 3830; x_wconf 82' lang='lat' dir='ltr'>Seneca,</span> <span class='ocrx_word' id='word_1_219' title='bbox 362 3767 433 3820; x_wconf 88' lang='lat' dir='ltr'>locus</span> <span class='ocrx_word' id='word_1_220' title='bbox 444 3769 499 3833; x_wconf 89' lang='lat' dir='ltr'>jam</span> <span class='ocrx_word' id='word_1_221' title='bbox 513 3772 613 3822; x_wconf 86' lang='lat' dir='ltr'>citatus.</span> 
     </span>
    </p>

    <p class='ocr_par' dir='ltr' id='par_1_7' title="bbox 210 3847 678 3914">
     <span class='ocr_line' id='line_1_31' title="bbox 210 3847 678 3914; baseline 0.004 -16"><span class='ocrx_word' id='word_1_222' title='bbox 210 3847 222 3883; x_wconf 82' lang='lat'>³</span> <span class='ocrx_word' id='word_1_223' title='bbox 239 3847 363 3914; x_wconf 80' lang='lat' dir='ltr'>Dialogus</span> <span class='ocrx_word' id='word_1_224' title='bbox 375 3850 407 3900; x_wconf 87' lang='lat' dir='ltr'>de</span> <span class='ocrx_word' id='word_1_225' title='bbox 421 3851 579 3913; x_wconf 86' lang='lat' dir='ltr'>Oratoribus,</span> <span class='ocrx_word' id='word_1_226' title='bbox 593 3868 607 3901; x_wconf 92' lang='lat' dir='ltr'>c</span> <span class='ocrx_word' id='word_1_227' title='bbox 620 3866 678 3903; x_wconf 84' lang='lat' dir='ltr'>xxr.</span> 
     </span>
    </p>

    <p class='ocr_par' dir='ltr' id='par_1_8' title="bbox 211 3927 961 4071">
     <span class='ocr_line' id='line_1_32' title="bbox 211 3927 961 3990; baseline 0.005 -12"><span class='ocrx_word' id='word_1_228' title='bbox 211 3927 222 3962; x_wconf 81' lang='lat'><strong>⁴</strong></span> <span class='ocrx_word' id='word_1_229' title='bbox 240 3928 344 3978; x_wconf 83' lang='lat' dir='ltr'>Scholia</span> <span class='ocrx_word' id='word_1_230' title='bbox 357 3930 493 3980; x_wconf 86' lang='lat' dir='ltr'>Bobiensia</span> <span class='ocrx_word' id='word_1_231' title='bbox 507 3931 533 3979; x_wconf 93' lang='lat' dir='ltr'>in</span> <span class='ocrx_word' id='word_1_232' title='bbox 549 3934 560 3974; x_wconf 64' lang='grc' dir='ltr'>ί</span> <span class='ocrx_word' id='word_1_233' title='bbox 569 3938 618 3982; x_wconf 86' lang='lat' dir='ltr'>rat.</span> <span class='ocrx_word' id='word_1_234' title='bbox 635 3933 661 3982; x_wconf 88' lang='lat' dir='ltr'>in</span> <span class='ocrx_word' id='word_1_235' title='bbox 676 3931 815 3990; x_wconf 85' lang='lat' dir='ltr'>Vatinium,</span> <span class='ocrx_word' id='word_1_236' title='bbox 830 3945 852 3982; x_wconf 87' lang='lat' dir='ltr'>c.</span> <span class='ocrx_word' id='word_1_237' title='bbox 870 3947 926 3990; x_wconf 79' lang='lat' dir='ltr'>xiv,</span> <span class='ocrx_word' id='word_1_238' title='bbox 937 3932 961 3982; x_wconf 88' lang='grc'>3.</span> 
     </span>
     <span class='ocr_line' id='line_1_33' title="bbox 211 4005 654 4071; baseline 0.011 -14"><span class='ocrx_word' id='word_1_239' title='bbox 211 4007 222 4041; x_wconf 94' lang='lat'>⁵</span> <span class='ocrx_word' id='word_1_240' title='bbox 238 4005 419 4069; x_wconf 86' lang='lat' dir='ltr'>Quintilianus,</span> <span class='ocrx_word' id='word_1_241' title='bbox 433 4010 479 4060; x_wconf 84' lang='lat' dir='ltr'>lib.</span> <span class='ocrx_word' id='word_1_242' title='bbox 494 4011 551 4071; x_wconf 89' lang='lat' dir='ltr'>XII,</span> <span class='ocrx_word' id='word_1_243' title='bbox 568 4027 590 4061; x_wconf 92' lang='lat' dir='ltr'>c.</span> <span class='ocrx_word' id='word_1_244' title='bbox 606 4027 654 4062; x_wconf 89' lang='lat' dir='ltr'>vu.</span> 
     </span>
    </p>
   </div>
   <div class='ocr_carea' id='block_1_4' title="bbox 211 4087 938 4225">
    <p class='ocr_par' dir='ltr' id='par_1_9' title="bbox 211 4087 938 4225">
     <span class='ocr_line' id='line_1_34' title="bbox 211 4087 938 4219; baseline 0.011 -84"><span class='ocrx_word' id='word_1_245' title='bbox 211 4087 223 4121; x_wconf 78' lang='lat'>⁶</span> <span class='ocrx_word' id='word_1_246' title='bbox 238 4087 344 4219; x_wconf 58' lang='lat' dir='ltr'>{choba</span> <span class='ocrx_word' id='word_1_247' title='bbox 358 4089 494 4140; x_wconf 84' lang='lat' dir='ltr'>Bobiensia</span> <span class='ocrx_word' id='word_1_248' title='bbox 509 4092 534 4140; x_wconf 89' lang='lat' dir='ltr'>in</span> <span class='ocrx_word' id='word_1_249' title='bbox 549 4097 614 4142; x_wconf 86' lang='lat' dir='ltr'>orat.</span> <span class='ocrx_word' id='word_1_250' title='bbox 630 4091 654 4144; x_wconf 89' lang='lat' dir='ltr'>in</span> <span class='ocrx_word' id='word_1_251' title='bbox 671 4091 811 4152; x_wconf 83' lang='lat' dir='ltr'>Vatinium,</span> <span class='ocrx_word' id='word_1_252' title='bbox 826 4107 849 4141; x_wconf 88' lang='lat' dir='ltr'>c.</span> <span class='ocrx_word' id='word_1_253' title='bbox 865 4107 902 4151; x_wconf 82' lang='lat' dir='ltr'>tv,</span> <span class='ocrx_word' id='word_1_254' title='bbox 918 4093 938 4144; x_wconf 89' lang='lat'>1.</span> 
     </span>
     <span class='ocr_line' id='line_1_35' title="bbox 211 4164 423 4225; baseline 0.019 -13"><span class='ocrx_word' id='word_1_255' title='bbox 211 4165 221 4204; x_wconf 74' lang='grc'><strong>7</strong></span> <span class='ocrx_word' id='word_1_256' title='bbox 260 4164 294 4218; x_wconf 87' lang='lat' dir='ltr'>ib.</span> <span class='ocrx_word' id='word_1_257' title='bbox 310 4166 354 4225; x_wconf 88' lang='lat' dir='ltr'>Vt,</span> <span class='ocrx_word' id='word_1_258' title='bbox 368 4183 390 4217; x_wconf 90' lang='lat' dir='ltr'>c.</span> <span class='ocrx_word' id='word_1_259' title='bbox 406 4183 423 4224; x_wconf 81' lang='grc' dir='ltr'>ι,</span> 
     </span>
    </p>
   </div>
   <div class='ocr_carea' id='block_1_5' title="bbox 0 0 1526 4938">
    <p class='ocr_par' dir='ltr' id='par_1_10' title="bbox 0 0 1526 4938">
     <span class='ocr_line' id='line_1_36' title="bbox 0 0 1526 4938; baseline 0 4"><span class='ocrx_word' id='word_1_260' title='bbox 0 0 1526 4938; x_wconf 95' lang='lat' dir='ltr'> </span> 
     </span>
    </p>
   </div>
  </div>
 </body>
</html>
