3024 4944
218 453 469 502 FRAGMENTA
491 451 731 502 ORthONUM
754 451 1101 518 DEPERDUARUM*
1136 454 1183 506 149

118 567 337 659 idemipsum,
353 575 439 649 cujus
460 589 539 630 nune
562 571 663 631 studio
686 576 716 630 et
740 569 840 648 gratia
862 577 926 630 tota
948 573 1104 633 accusatio
1122 575 1183 634 ista

117 678 236 738 munita
249 685 304 739 est.
317 677 488 758 (Boethius,
505 681 549 738 De
564 677 802 755 definitionibus,
820 698 849 757 p.
864 679 934 756 658,
951 677 998 739 ed.
1018 679 1106 758 Bas.)

156 787 187 846 7.
212 771 306 852 Quasi
324 805 397 844 vero
420 804 477 862 ego
500 786 537 846 de
560 785 637 845 facie
663 791 725 862 tua,
749 786 901 862 calamita,
926 787 1110 864 dixerim,†
1132 791 1182 849 vel

117 894 194 954 alias
209 894 336 971 potuisti
350 891 599 953 contumeliosius
612 893 725 968 lacere,
740 894 766 954 si
781 894 838 953 tibi
854 895 910 954 hcc
923 895 1076 954 Parmeno
1102 897 1182 958 allo-

116 1003 169 1079 qui
184 1021 218 1061 ac
233 1020 291 1060 non
305 1001 372 1079 ipse
385 1003 535 1063 Parmeno
550 1001 732 1062 nuntiasset.
749 1001 826 1081 (tul.
844 1001 1025 1062 Rufinianus
1041 1003 1078 1062 de
1093 1003 1180 1082 rig,

115 1111 164 1170 ed.
179 1110 360 1186 Gapperon,
376 1126 407 1185 p.
422 1107 489 1186 30.)
800 1105 802 1110 ’

495 1341 807 1354 W*—

78 1797 81 1805 ·
174 1771 557 1828 vr1.-0RAT10an
580 1771 660 1825 PRO
683 1769 719 1825 C.
745 1731 956 1824 consumo
979 1771 990 1824 l
1014 1768 1068 1848 ET
1091 1769 1118 1824 Il

454 1931 655 1964 ARGUMENTUM
670 1930 848 1964 nrsronlcunt

153 2074 200 2131 Ex
215 2070 354 2130 omnibus
369 2069 577 2146 orationibus,
594 2088 723 2147 quarum
741 2069 914 2147 fragmenta
937 2073 1055 2128 tantum
1072 2085 1181 2146 super-

112 2183 196 2250 sunt,
211 2178 278 2236 duae
290 2177 442 2237 orationes
457 2194 513 2253 pro
529 2176 681 2251 Cornelio,
699 2177 765 2236 sine
776 2174 1129 2250 controversia,indiciis
1144 2191 1179 2232 ac

111 2284 312 2355 documentis,
335 2302 400 2359 quae
424 2290 496 2344 sunt
510 2283 667 2342 historicis
687 2282 813 2360 plurimi
834 2281 1029 2351 aestimanda,
1048 2279 1181 2340 maxime

111 2392 279 2451 abundant.
301 2391 369 2450 Non
391 2391 471 2450 enim
486 2391 584 2450 solum
604 2408 641 2448 ex
667 2390 705 2448 iis
723 2389 843 2448 discere
863 2406 1025 2465 possumus
1041 2405 1180 2464 quaenam

111 2505 215 2558 essent
239 2517 273 2558 ea
288 2503 467 2576 tempestate
483 2497 599 2577 judicia
621 2496 809 2574 &quomodo
824 2497 909 2572 leges
932 2496 1104 2570 sementum
1121 2513 1179 2554 non

111 2607 305 2667 solumartes
321 2625 415 2667 noras
430 2607 645 2684 comperimus,
668 2606 778 2682 quibus
793 2605 915 2683 patricii
934 2605 1113 2680 equitesque
1126 2621 1181 2662 ro-

110 2715 193 2773 mani
207 2714 348 2773 certatim
361 2713 535 2791 provincias
550 2713 788 2789 exhauriebant,
815 2711 970 2772 sedetiam
986 2710 1178 2778 Ciceronem,

110 2825 143 2879 ut
173 2820 271 2897 ipsius
285 2821 379 2880 verba
397 2837 557 2898 usurpem,
582 2837 640 2878 non
669 2819 845 2896 crepundiis
865 2820 918 2877 sed
941 2834 1070 2894 corpore
1097 2817 1178 2875 omni

109 2927 342 3004 cognoscimus:
359 2927 469 3004 quippe
483 2926 535 3002 qni
549 2932 646 2986 totum
661 2944 694 2985 se
703 2903 870 3003 patefaciat
884 2942 919 2983 ac
933 2929 1036 3000 partes
1051 2923 1175 2999 indicet,

110 3051 184 3109 quas
199 3033 231 3092 in
245 3033 402 3110 republica
416 3033 657 3110 amplectebatur
668 3039 698 3091 et
713 3032 807 3091 tutari
823 3033 999 3091 conabatur.
1041 3016 1043 3020 ’

150 3141 250 3210 Quum
264 3140 296 3198 in
310 3140 413 3216 aliqua
427 3139 554 3199 civitate
566 3139 686 3216 judiees
701 3139 861 3199 sententiae
879 3139 1001 3216 integre
1015 3137 1176 3197 afferendae

109 3267 168 3307 non
181 3248 357 3306 libertatem
369 3253 504 3319 servant,
518 3264 610 3322 quum
621 3263 672 3305 eos
687 3263 758 3304 reus
774 3246 825 3305 vel
840 3263 1035 3322 corrumpere
1050 3244 1178 3321 pecunia

108 3355 159 3414 vel
181 3353 215 3413 vi
234 3359 264 3412 et
288 3353 378 3412 minis
402 3360 521 3412 terrere
545 3358 660 3430 potest;
678 3370 770 3428 quum
785 3352 949 3411 multitudo
964 3370 1002 3410 ex
1015 3353 1176 3430 egentibus

108 3462 327 3537 conductisque
348 3466 545 3536 congregata,
568 3460 749 3536 quibusdam
766 3459 949 3518 facinorosis
965 3459 1104 3528 ducibus,
1121 3477 1176 3535 po·

108 3569 173 3646 puli
187 3568 357 3645 legitimam
373 3567 600 3627 advocationem
611 3567 736 3627 ferreae
746 3567 1062 3644 lapidibusdiscutere
1072 3567 1172 3639 audet,

108 3674 263 3755 affirmare
281 3675 354 3734 licet
373 3675 464 3736 istam
488 3693 592 3734 rerum
616 3674 808 3752 publicarum
832 3674 970 3742 formam,
988 3691 1054 3748 quae
1072 3678 1175 3732 tantas

108 3782 252 3841 libidines
273 3781 417 3859 frangere
438 3783 669 3858 haudquaquam
690 3767 784 3857 ualet,
802 3800 860 3840 non
871 3785 936 3858 jam
953 3781 1128 3855 convenire,
1148 3779 1175 3839 si

108 3890 321 3950 consuetudini
336 3889 550 3966 etdisciplinae
574 3889 705 3964 antiquae
730 3895 885 3966 superstes
908 3887 1020 3965 civitas
1041 3905 1107 3947 esse
1124 3905 1174 3946 vc-

108 3997 201 4056 luerit
223 4017 229 4055 :
253 3997 424 4072 fragmenta
445 4002 546 4057 autem
568 3995 758 4056 Corneliana
781 3995 927 4056 orationis
951 4000 998 4054 sat
1022 4011 1174 4071 superque

135 4267 142 4298 ¹
160 4265 235 4309 Aliam
245 4267 324 4310 deinde
335 4269 412 4324 legem
422 4269 563 4316 Cornelius..
578 4269 640 4320 tulit,
650 4271 677 4312 ut
689 4273 799 4328 pretores
812 4279 840 4312 ex
850 4267 930 4314 edictis
944 4267 993 4312 suis
1005 4265 1123 4326 perpetuis
1134 4265 1174 4326 jus

110 4336 218 4381 dicerent.
230 4338 369 4394 (Asconius.)
