3024 4944
253 397 507 452 FRAGMENTA
529 399 771 452 ORATlONUM
793 399 1118 452 DEPERDI'I'ARUM
1175 405 1221 454 115

151 535 266 578 venare
289 519 343 578 sed
372 517 464 578 etiam
486 517 606 596 eripere
628 519 724 580 vitam
751 519 921 581 nobilitatis
946 520 1080 582 fautores
1094 521 1220 581 ‘diutius

151 627 332 704 potuissent.

190 731 303 794 Habita
325 739 373 793 est
394 733 585 796 oratiocoss.
608 735 663 794 Cn.
685 734 824 804 Octavio,
843 737 876 794 C.
896 731 1056 794 Scribonio
1073 733 1217 811 Curione,

148 858 229 913 anuo
241 840 281 900 76
294 839 364 900 ante
379 841 397 901 J
401 843 463 901 .-C.
480 875 518 886 —
535 843 623 902 Anno
636 841 796 904 Ciceronis
811 841 862 902 31.

188 1015 216 1074 1.
241 1015 342 1075 Amici
355 1016 510 1095 deficiunt,
525 1019 648 1094 cognati
662 1018 817 1077 deserunt.
834 1014 1021 1096 (Severiani,
1034 1015 1214 1090 Syctomat.

146 1121 279 1181 Rhetor.
297 1140 325 1183 c.
342 1123 378 1182 de
391 1123 570 1200 Affectibus,
587 1143 618 1202 p.
634 1121 706 1200 345,
724 1123 772 1184 ed.
788 1120 975 1202 Capperon.)

185 1230 216 1287 2.
239 1230 274 1290 In
293 1229 506 1290 inimicissima
525 1230 652 1290 civitate
674 1234 796 1306 urgent,
823 1211 950 1304 instant,
975 1227 1180 1304 insequuntur
1205 1247 1213 1288 :

145 1335 258 1410 studio,
274 1335 482 1407 multitudine,
493 1337 633 1416 pecunia,
644 1339 781 1415 perjurio
791 1333 1063 1413 pugnant.,(ldem‚
1074 1325 1215 1411 ibidem.)

184 1443 214 1500 3.
239 1443 275 1503 C.
290 1445 467 1504 Ancharius
477 1444 576 1504 Rufus
588 1443 646 1503 fuit
661 1461 677 1502 e
691 1442 856 1520 municipio
870 1441 1042 1519 Fulginate.
1058 1440 1214 1521 (Priscia-

143 1569 214 1622 nus,
231 1549 284 1609 lib.
297 1550 367 1626 VII,
385 1569 410 1610 o.
427 1549 510 1630 1111).

180 1658 210 1718 4.
234 1657 269 1715 ln
284 1658 468 1734 praefectura
478 1658 655 1736 Fulginate.
672 1658 780 1737 (Idem,
798 1655 890 1734 ibid.)

182 1765 212 1825 5.
238 1767 337 1836 Quum
350 1767 424 1846 item
438 1785 493 1844 per
501 1785 593 1844 agros
603 1773 634 1826 et
643 1768 710 1826 loca
721 1763 786 1825 sola
799 1764 914 1824 faceret
923 1744 995 1822 cum
1006 1763 1208 1840 Pompuleno,

140 1874 173 1934 in
188 1873 336 1934 familiam
351 1873 579 1937 Ancharianam
603 1872 748 1933 incidisse
763 1872 909 1932 dixerunt
927 1893 933 1930 :
951 1869 1059 1930 deinde
1073 1871 1210 1946 Pompu-

139 1981 243 2040 lenum
258 1981 392 2041 oocisum
405 1999 482 2058 esse,
494 1982 578 2042 illico
594 1983 751 2042 Varenum
765 1979 904 2038 vinctum
918 1984 1123 2053 asservatum,
1137 1978 1208 2036 dum

139 2087 189 2147 hic
210 2090 386 2148 ostenderet
407 2088 481 2165 quid
501 2090 538 2148 de
560 2107 594 2148 eo
617 2088 686 2147 fieri
704 2087 809 2147 vellet.
833 2083 1067 2167 (Quintilianus,
1087 2085 1205 2162 linv,

138 2213 165 2256 c.
190 2194 278 2275 xrn.)

177 2301 206 2361 6.
231 2303 311 2380 Lege
326 2305 363 2364 dc
378 2304 499 2364 sicariis
515 2302 667 2363 commisit
679 2303 715 2362 L.
732 2303 885 2374 Varenus.
903 2303 982 2360 Nam
998 2303 1030 2362 C.
1047 2301 1205 2360 Varenum

136 2410 301 2470 occidendo
324 2419 354 2471 et
374 2412 497 2487 Gnaeum
518 2409 709 2470 vulnerando
727 2414 757 2468 et
772 2407 927 2468 Salarium
946 2407 1019 2467 item
1041 2406 1204 2465 occidendo

82 2548 85 2554 ·
135 2516 227 2576 cadit.
245 2516 354 2597 (idem,
370 2519 423 2578 lib.
441 2519 513 2588 VII,
531 2537 555 2577 c.
575 2517 611 2597 1.)

174 2627 203 2684 7.
230 2627 308 2684 Tum
331 2627 363 2687 C.
388 2628 539 2694 Varenus,
563 2626 590 2684 is
614 2624 665 2700 qui
688 2643 705 2683 a
724 2622 840 2682 familia
862 2622 1058 2681 Anchariana
1081 2620 1202 2679 occisus

133 2739 190 2792 est.
207 2734 284 2807 Hoc,
301 2751 414 2809 quaeso,
437 2733 568 2810 judices,
589 2731 755 2808 diligenter
770 2729 928 2789 attendite.
947 2727 1056 2806 (Idem,
1073 2727 1126 2786 lib.
1145 2727 1198 2795 IV,

133 2857 158 2898 c.
177 2856 198 2907 1,
217 2844 247 2897 et
261 2838 314 2898 lib.
339 2840 395 2907 IX,
413 2856 439 2896 c.
457 2834 508 2916 11.)

170 2947 199 3004 8.
224 2947 259 3005 L.
271 2945 325 3004 ille
336 2943 502 3022 Septimius
515 2944 631 3003 diceret
644 2943 771 3023 (etenim
785 2948 831 3002 est
842 2943 879 3002 ad
890 2943 925 3002 L.
939 2941 1043 3001 Crassi
1054 2941 1199 3017 eloquen-

12 3071 13 3152 ,
130 3053 204 3112 tiam
218 3051 325 3128 gravis
339 3057 369 3110 et
383 3052 547 3111 vehemens
563 3058 594 3111 et
608 3050 777 3130 volubilis).
795 3051 927 3110 Erucius
943 3049 992 3108 hio
1013 3055 1117 3108 noster
1132 3051 1199 3109 An·
1241 3137 1245 3142 .

13 3344 14 3350 ¹
129 3287 154 3326 c.
179 3265 247 3344 111.)

129 3160 278 3219 toniaster
287 3163 345 3218 est.
356 3158 560 3238 (Priscianus,
573 3159 626 3218 lib.
637 3160 692 3234 Ill,
705 3177 794 3218 1111.
809 3156 1028 3229 Quintilianus.
1041 3157 1094 3214 lib.
1107 3156 1195 3230 Vlll,

167 3374 197 3433 9.
222 3375 268 3432 lia
291 3373 389 3432 caedes
418 3372 444 3430 si
467 3372 661 3448 potissimum
685 3372 806 3432 crimini
834 3373 935 3442 datur,
961 3335 1051 3433 detur
1074 3373 1102 3431 ei
1127 3371 1196 3448 cuja

126 3480 279 3554 interfuit,
309 3497 367 3538 non
391 3479 418 3539 ei
440 3483 508 3556 cuja
531 3479 607 3537 1111111
628 3479 778 3538 interfuit.
807 3479 1012 3558 (Priscianus,
1035 3480 1090 3540 lib.
1119 3481 1190 3550 XII,

126 3606 151 3645 o.
177 3586 239 3646 v1.i

226 3651 231 3664 β

165 3697 213 3756 10.
234 3695 330 3772 ‚Optio
345 3694 432 3754 vobis
447 3695 537 3753 datur
552 3701 656 3753 utrum
676 3693 780 3753 velitis
800 3711 873 3753 casu
888 3694 942 3754 illo
961 3695 1073 3765 itinere
1094 3695 1195 3754 Vare-

126 3822 197 3862 num
214 3820 304 3862 usum
317 3819 395 3880 esse,
412 3820 449 3860 an
469 3803 561 3879 hujus
580 3819 727 3876 persuasu
743 3807 773 3860 et
794 3801 929 3861 inductu.
956 3801 1191 3881 (Quintilianus

124 3909 176 3967 lib.
196 3910 235 3978 V,
253 3927 278 3968 c.
296 3905 341 3986 x).

165 4015 213 4076 11.
237 4017 334 4074 Deum
347 4015 448 4074 fidem.
466 4013 671 4093 (Priscianus,
687 4014 740 4074 lib.
759 4015 830 4088 Vll,
847 4033 874 4074 c.
892 4012 953 4096 vr.)

496 4236 539 4246 Ρ..-
541 4235 793 4244 ------------------
802 4236 815 4243 .-
