3024 4944
224 393 477 448 FRAGMENTA
498 397 738 452 ORATlONUM
760 396 1085 449 burnnurrnuuu
1142 399 1184 452 151

119 510 253 588 antiquae
267 514 364 591 plebis
377 515 525 576 virtutem
538 535 573 576 ac
586 519 774 578 secessiones
788 517 820 577 in
833 519 1009 577 memoriam
1020 517 1125 596 populi
1136 536 1187 577 ro-

119 619 202 677 mani
225 627 350 680 revocat
370 623 535 699 verbisque
550 625 683 702 extollit,
700 625 772 702 quid
791 625 874 685 aliud
887 645 977 702 quam
991 626 1028 685 ad
1042 644 1074 686 ae
1089 625 1187 686 allicit

118 724 191 786 illos
213 747 250 787 ex
271 729 391 806 oppidis
416 731 512 808 cives,
533 733 583 808 qui
608 738 724 810 postea,
747 734 785 792 de
807 733 979 793 consularis
994 733 1024 792 in
1041 734 1186 815 exsilium

118 835 241 910 expulsi
267 835 365 896 salute
387 837 568 914 suffragium
594 840 706 916 laturi,
731 840 906 917 municipiis
927 840 1039 900 clausis
1059 842 1187 900 Romam

118 945 321 1004 convenienti
339 947 405 1004 Nec
423 965 508 1006 suam
524 947 617 1005 animi
631 948 821 1007 voluntatem
843 949 875 1006 in
893 948 1051 1024 republica
1074 948 1188 1028 gnber-

118 1054 220 1114 nanda
240 1050 411 1129 patefacere
434 1058 593 1112 contentus
613 1059 684 1112 est:
707 1071 792 1113 suam
814 1053 1025 1130 integritatem
1040 1071 1187 1128 suumque

118 1159 256 1238 pecuniae
271 1163 476 1246 contemptum
490 1158 633 1218 laudibus
650 1160 715 1237 ipse
730 1159 829 1236 effert,
840 1135 930 1236 atque
939 1159 1072 1220 affirmat
1086 1179 1119 1219 se
1129 1179 1187 1220 non

118 1267 239 1328 divitiis
249 1265 434 1343 permoveri,
451 1271 486 1324 ut
497 1266 601 1326 labore
620 1273 650 1325 et
664 1265 783 1344 vigiliis
799 1267 905 1326 amicis
920 1268 1074 1328 deserviat
1088 1285 1183 1344 praes-

118 1382 212 1451 toque
230 1373 271 1434 sit
294 1373 446 1434 omnibus.
474 1375 559 1432 Inter
584 1379 685 1433 autem
704 1374 800 1450 cives,
827 1374 878 1450 qui
899 1375 931 1432 in
946 1374 1092 1452 petitione
1107 1374 1185 1452 apud

117 1500 224 1542 omnes
246 1481 369 1540 ordines
393 1481 522 1558 gratiosi
537 1487 635 1557 erant,
652 1483 742 1540 multi
755 1487 843 1540 erant
857 1480 1011 1540 Fundanii
1030 1499 1065 1540 ac
1080 1481 1186 1554 Gallii,

118 1589 184 1666 qui,
207 1590 239 1648 in
254 1587 318 1648 suis
332 1588 490 1665 periculis,
507 1589 545 1646 ad
558 1587 621 1646 viri
636 1587 807 1663 eloquentis
829 1587 1031 1664 patrocinium
1045 1586 1188 1646 libentis-

118 1697 198 1754 sime
212 1695 438 1771 confugiebant.
455 1695 525 1754 Non
546 1694 643 1771 igitur
657 1695 780 1763 mirum,
797 1694 824 1752 si
838 1695 927 1770 paulo
942 1697 1022 1770 post,
1039 1711 1117 1752 anno
1132 1711 1187 1753 suo

117 1809 149 1862 et
166 1803 267 1880 prima
285 1801 442 1879 petitione,
465 1801 564 1878 plebis
588 1801 712 1860 rusticae
730 1799 832 1859 fautor
853 1799 993 1876 idemque
1012 1799 1186 1875 inclytissi·
1250 1817 1254 1826 ·

117 1928 187 1968 mus
202 1914 361 1986 patronus,
378 1911 465 1986 cujus
477 1907 630 1966 industria
644 1906 757 1966 nemini
772 1926 831 1966 non
847 1909 979 1984 patebat,
996 1908 1033 1965 ab
1047 1906 1187 1967 universi

117 2012 223 2093 populi
238 2015 356 2074 romani
371 2016 472 2074 studio
488 2016 679 2075 consulatum
691 2015 859 2074 obtinuerit
874 2014 895 2074 ¹.

160 2123 273 2183 Habita
295 2129 342 2182 est
364 2123 462 2182 oratio
483 2124 568 2183 Coss.
590 2123 626 2182 L.
643 2123 772 2182 Aurelio
798 2125 898 2191 Cotta,
920 2123 955 2181 L.
973 2121 1090 2181 Manlio
1106 2121 1187 2180 Tor-

118 2237 223 2308 quato,
240 2249 317 2288 anno
329 2229 370 2287 65
384 2235 455 2289 ante
469 2229 487 2289 J
491 2232 556 2289 .-C.
573 2264 612 2274 -
627 2247 706 2288 anno
721 2230 876 2290 Ciceronis
890 2231 930 2288 42
940 2263 978 2274 -

614 2463 810 2471 *nam—›⁴—

278 2906 282 2910 -
370 2875 525 2930 ORATIO
544 2876 625 2930 PRO
646 2875 680 2931 C.
702 2875 942 2930 CORNELlOl

276 3065 280 3069 '
345 3068 523 3130 Frcpmcnta
544 3081 617 3118 occo
635 3068 736 3117 ordine
757 3069 960 3130 disponuntur.

161 3225 190 3284 l.
208 3227 251 3284 Ut
265 3227 303 3285 ab
315 3226 393 3285 Jove
407 3226 521 3302 optimo
534 3226 664 3285 maximo
675 3227 845 3302 ceterisque
860 3227 920 3286 diis
935 3227 1108 3302 deabusque
1121 3247 1189 3287 om-

118 3333 212 3392 nibus
224 3351 311 3410 opem
321 3337 352 3392 et
366 3331 514 3391 auxilium
529 3339 641 3409 petam.
658 3331 865 3412 (Priscianus,
882 3333 936 3392 lib.
954 3334 1025 3408 Vll,
1043 3324 1069 3392 c.
1085 3332 1146 3410 111).

160 3443 191 3500 2.
221 3440 326 3499 Versu
339 3459 360 3499 a
374 3443 483 3516 primo
506 3441 636 3498 circiter
659 3440 770 3498 CLXI.
796 3441 977 3499 Postulatur
991 3457 1038 3498 me
1057 3446 1189 3516 praetore

118 3548 254 3628 primum
268 3546 305 3606 de
319 3547 456 3625 pecuniis
470 3547 658 3624 repetundis.
674 3547 857 3623 Prospectat
870 3545 1016 3605 videlicet
1032 3545 1188 3604 Cominius

119 3655 194 3732 quid
212 3660 337 3732 agatur3
359 3655 505 3714 videlicet
528 3655 665 3714 homines
684 3653 798 3713 foeneos
812 3653 844 3712 in
865 3653 997 3711 medium
1013 3652 1050 3711 ad
1065 3656 1189 3710 tentan-

119 3761 194 3820 dum
207 3759 380 3836 periculum
392 3762 556 3837 projectos.
573 3758 739 3839 (Asconius
754 3757 797 3838 ².)

160 3869 191 3926 3.
216 3866 314 3936 Quidl
334 3867 479 3926 Metellus
504 3885 621 3926 summa
643 3867 802 3927 nobilitate
825 3883 859 3924 ac
881 3865 1010 3933 virtute,
1029 3883 1121 3942 quum
1141 3864 1188 3923 bis

115 3975 266 4051 jurasset,
283 3972 377 4032 semel
389 3972 537 4048 privatim
547 3992 564 4033 a
573 3979 671 4051 patre,
684 3972 796 4034 iterum
808 3972 929 4049 publice
941 3971 1036 4048 alege
1051 3976 1186 4044 coactuS,

151 4203 160 4237 t
176 4200 208 4243 De
218 4201 261 4244 hac
271 4201 375 4244 oratione
386 4205 548 4256 argumentum
559 4201 653 4246 Asconii
669 4202 792 4258 legendum
802 4207 847 4246 est.

150 4269 161 4307 Ξ
175 4274 208 4315 De
218 4273 319 4328 singulis
327 4273 515 4342 (tornelianarum
528 4273 663 4326 fragmentis
671 4273 874 4318 consulendusest
889 4274 1003 4318 Asconius
1014 4272 1107 4316 Baiteri.
