3024 4944
254 359 505 430 FRAGMENTA
527 359 768 412 ORATlONUll
796 360 1118 413 nurituui'rnuull
1176 365 1218 414 lc:

195 479 244 540 52.
268 481 395 540 Latetin
407 481 498 540 scalis
507 481 678 541 tenebrosis
686 481 854 544 Cominius.
866 479 1094 559 (Fortunatian.
1108 484 1147 543 A.
1161 483 1220 543 Rh.

155 585 176 644 1.
196 587 251 661 111,
268 605 299 663 p.
314 588 364 663 71,
381 588 483 667 ritu.)
908 580 910 586 ’

195 691 245 751 53.
268 694 343 752 Item
357 711 412 770 pro
428 694 589 757 Cornelio:
607 696 776 773 majestatis
791 698 858 776 ipsa
873 703 944 760 sunt
960 718 968 758 t
984 698 1078 776 legite
1090 704 1125 758 nt
1136 675 1237 776 lega-⁴

157 798 253 876 batis3
269 798 340 858 hinc
351 799 532 877 intelligetis
546 803 631 862 nulla
645 805 825 865 tenuissima
839 807 1012 884 suspicione
1024 807 1157 865 describi
1171 812 1224 866 aut

155 904 323 980 significari
346 906 529 968 cornelium.
546 906 681 988 (Boeth,
699 913 743 971 De
757 913 869 983 Datin:
894 933 923 990 p.
941 913 1011 973 659.
1029 914 1110 974 Edit.
1136 913 1224 993 Bas.)

196 1011 245 1070 54.
270 1012 396 1089 Objecta
411 1018 458 1073 est
473 1015 564 1092 paulo
582 1016 740 1078 liberalior
755 1019 832 1082 vita.
855 1019 1089 1102 (Quintilianus,
1108 1019 1162 1080 lib.
1180 1019 1221 1090 V,

157 1136 183 1177 e.
209 1115 297 1198 1111.)

197 1231 248 1292 55.
273 1231 429 1292 Cominius
443 1240 556 1305 autem,
572 1234 854 1312 tametriignoscite
866 1235 953 1309 mihi,
964 1235 1097 1313 judices.
1112 1233 1223 1313 (Idem,

158 1337 212 1396 lib.
229 1339 287 1415 IX,
301 1356 328 1398 c.
344 1339 396 1418 11.)

531 1445 611 1530 [Ex.
626 1453 678 1510 ed.
695 1445 852 1530 Baiteri.]

306 2079 392 2134 Vlll.
413 2109 446 2119 -
468 2079 623 2135 ORATIO
646 2080 727 2134 PRO
752 2080 788 2135 C.
814 2079 1022 2136 CORNELIO
1048 2082 1074 2135 ll

202 2303 229 2363 1.
253 2289 392 2380 Pugnem
413 2311 518 2382 aperte
537 2309 645 2364 contra
664 2303 926 2365 nobilissimorum
941 2301 1097 2362 hominum
1112 2305 1227 2364 volun-

161 2410 258 2468 tates?
268 2409 523 2485 Studia,consilia
532 2410 791 2487 cogitationesque
805 2429 908 2470 eornm
925 2410 1078 2488 aperiam?
1089 2410 1224 2490 (Aquila,

162 2535 188 2576 e.
207 2535 240 2586 x,
258 2536 287 2593 p.
306 2516 374 2587 151,
398 2523 428 2576 et
442 2518 539 2577 Marc.
558 2518 690 2594 Capella,
706 2517 759 2576 lib.
777 2519 832 2591 IV,
848 2536 880 2594 p.
898 2515 984 2596 171.)

200 2624 231 2682 2.
255 2623 422 2684 Ocallidos
443 2623 594 2684 homines!
614 2624 719 2684 Orem
740 2624 1003 2700 excogitatamlo
1024 2623 1149 2700 ingenia
1163 2640 1228 2682 me·

161 2730 289 2789 tuenda!
301 2763 340 2774 —-
354 2731 506 2790 Diximus.
524 2733 631 2790 Testes
647 2713 721 2790 dare
735 2731 889 2793 volumus.
905 2733 1012 2804 Quem,
1029 2747 1143 2805 quaeso,
1155 2747 1230 2788 nos-

160 2843 245 2897 trum
258 2835 369 2898 fefellit
387 2838 430 2897 ita
444 2856 499 2897 vos
514 2856 581 2897 esse
602 2837 754 2899 facturos?
770 2835 849 2919 (Cic.
867 2839 1004 2908 Orator,
1023 2855 1049 2898 c.
1068 2854 1168 2896 nxvu.
1190 2869 1229 2880 -

162 2943 358 3015 Quintilian„
373 2944 427 3003 lib.
445 2945 502 3021 IX,
518 2962 545 3004 c.
562 2947 623 3022 ιν.)

201 3051 231 3110 3.
254 3051 336 3111 Num
349 3051 381 3109 in
394 3069 440 3121 eo,
453 3051 505 3128 qui
520 3051 581 3110 sint
596 3050 628 3110 hi
644 3057 749 3127 testes,
764 3050 932 3110 haesitatisl
947 3051 1014 3128 Ego
1025 3049 1112 3110 vobis
1128 3050 1226 3109 edam.

161 3157 227 3218 Duo
238 3157 350 3233 reliqui
366 3163 437 3216 sunt
451 3159 487 3217 de
497 3159 720 3228 consularibus
733 3157 849 3217 inimici
864 3157 1038 3217 tribuniciae
1055 3156 1226 3234 potestatis.

161 3264 257 3324 Pauci
290 3270 441 3341 praeterea
473 3269 679 3325 assentatores
713 3283 818 3324 eorum
845 3271 935 3340 atque
964 3264 1089 3324 asseclae
1121 3265 1231 3324 subse-

162 3375 309 3448 quuntur.
331 3368 525 3452 (Asconius.)

203 3480 233 3537 4.
258 3479 318 3538 Sed
333 3478 359 3538 si
373 3476 569 3538 familiariter
580 3496 619 3536 ex
634 3477 671 3548 Q.
688 3479 807 3555 Catulo,
821 3475 1047 3556 sapientissimo
1058 3476 1126 3537 viro
1141 3483 1231 3555 atque

163 3585 394 3662 humanissime,
410 3585 505 3644 velim
529 3602 678 3661 quaerere,
704 3585 804 3644 utrius
832 3585 954 3645 tandem
976 3584 1033 3643 tibi
1054 3584 1231 3644 tribunatus

163 3693 264 3752 minus
278 3692 402 3770 probari
416 3697 527 3780 potest,
545 3693 580 3754 (l.
598 3691 744 3762 Cornelii,
761 3710 811 3762 an,
836 3711 895 3751 non
911 3691 1009 3752 dicam
1024 3693 1061 3751 P.
1086 3690 1229 3767 Sulpicii,
1266 3669 1268 3678 .

164 3817 223 3857 non
237 3799 273 3858 L.
287 3798 457 3876 Saturnini,
471 3817 530 3857 non
542 3800 575 3858 G.
589 3799 733 3873 Gracchi,
745 3817 804 3859 non
814 3799 931 3858 Tiberii
944 3821 951 3858 :
965 3797 1128 3872 nominem,
1142 3816 1230 3873 quem

163 3904 216 3964 isti
231 3903 409 3966 seditiosum
423 3905 611 3976 existimant,
628 3904 804 3982 neminab0;
817 3906 871 3966 sed
885 3905 1030 3966 avunculi
1044 3905 1101 3982 tui,
1119 3906 1156 3975 Q.
1173 3904 1230 3964 Oa·

163 4011 238 4081 tule,
253 4011 420 4072 clarissimi
434 4011 601 4090 patriaeque
620 4013 822 4072 amantissimi
837 4012 918 4089 viri3
935 4013 1007 4089 quid
1021 4011 1097 4071 mihi
1110 4011 1229 4070 tandem

163 4135 382 4196 responsurum
396 4119 531 4196 putatisl
547 4118 673 4200 (Idem.)

203 4226 232 4285 5.
257 4226 348 4298 Quid,
365 4228 535 4286 avunculus
556 4233 637 4303 tuus,
657 4227 849 4287 clarissimus
865 4227 926 4303 vir,
941 4225 1114 4286 clarissimo
1128 4229 1226 4302 patre.
