3070 4950
293 379 308 428 8
413 375 461 424 DE
481 371 698 425 CICERONIS
720 369 960 426 ORATIONUM
982 369 1242 424 FRAGMENTIS

292 505 346 566 ter
364 493 497 564 crebris
522 517 601 565 eum
624 492 877 587 quaestionibus
895 490 1057 584 urgebat,
1078 501 1114 562 ut
1134 489 1360 562 convinceret

293 633 362 681 non
377 610 473 681 eaede
488 609 550 680 sed
564 611 692 680 usitato
704 608 789 701 jure
804 608 864 701 agi
881 608 1052 700 potuisse3
1072 628 1245 700 quumque
1254 606 1358 700 jace.-

293 733 346 797 ret
365 725 457 798 idem
476 723 673 820 probabiles
697 722 858 794 adversae
881 722 1025 795 familiae
1048 723 1207 811 insidias,
1237 731 1357 795 noster

291 840 480 915 fortissime
501 840 692 912 invadebat
710 839 981 936 ostendebatque
999 847 1165 934 quantum
1185 839 1271 912 illud
1289 841 1358 912 ad-

292 960 453 1046 versarii,
473 959 503 1030 si
524 981 729 1030 concessum
749 965 852 1045 esset,
871 955 1024 1027 civibus¹
1045 955 1205 1027 omnibus
1218 955 1359 1050 afferret

291 1075 498 1170 periculum.
516 1075 546 1144 E
562 1074 783 1168 peroratione
797 1071 884 1142 nihil
898 1072 998 1142 nobis
1013 1081 1193 1166 superest3
1210 1080 1258 1160 at,
1276 1094 1358 1143 cau-

291 1217 341 1264 sae
355 1215 487 1286 genere
502 1200 656 1285 spectato
676 1215 717 1262 ac
735 1188 967 1278 considerato,
980 1171 1043 1282 pro
1059 1196 1153 1258 certo
1167 1186 1280 1259 habeo
1292 1212 1356 1260 nec

291 1307 511 1379 lacrimulam
521 1329 585 1378 nec
599 1305 737 1377 dicendi
748 1302 842 1378 faces
854 1302 1010 1398 judicum
1020 1302 1146 1374 animis
1160 1304 1355 1378 admovisse

291 1424 505 1510 Ciceronem,
523 1431 570 1508 et,
591 1422 628 1492 in
649 1445 687 1494 re
705 1421 902 1514 praesertim
922 1426 1043 1513 aperta
1059 1442 1099 1490 ac
1112 1420 1272 1513 simplici,
1288 1422 1359 1493 vim

292 1539 461 1611 orationis
472 1547 506 1609 et
521 1537 711 1631 tragoedias
729 1536 871 1608 omnino
885 1535 1063 1628 rejecisse.

341 1657 428 1727 Haec
445 1665 499 1727 est
512 1653 625 1727 forma
645 1664 679 1727 et
697 1652 876 1748 dispositio
894 1650 1062 1722 orationis
1081 1675 1144 1747 pro
1160 1652 1278 1725 Tullio
1293 1653 1356 1724 ha-

291 1771 386 1860 bitae,
403 1795 492 1866 quae,
516 1795 620 1866 quum
635 1779 708 1841 tota
721 1769 764 1840 de
780 1767 897 1839 verbis
913 1768 1090 1839 interdicti
1109 1779 1212 1855 esset,
1230 1793 1360 1865 perpe-

293 1899 393 1960 tuum
408 1898 442 1961 et
457 1889 629 1986 eumdem,
649 1897 687 1959 ut
700 1889 749 1958 ita
762 1885 888 1970 dicam,
902 1881 1085 1979 spiritum2
1096 1885 1173 1956 sine
1185 1884 1258 1958 ulla
1272 1910 1361 1958 com-

294 2003 488 2075 mutatione
507 2003 660 2074 tenebat.
688 2003 828 2074 Etenim
848 2027 919 2074 non
938 2002 1038 2073 modo
1058 2004 1095 2073 iu
1113 2027 1154 2076 ea
1165 2003 1360 2078 continenti

294 2143 361 2190 non
372 2119 709 2214 interponunturilli
719 2120 785 2191 loci
798 2142 1012 2206 communen,
1026 2120 1084 2212 qui
1099 2121 1231 2214 proprii
1244 2143 1361 2192 causae

294 2246 329 2307 et
348 2234 562 2310 inhaerentes
580 2237 618 2306 iu
634 2237 708 2330 ejus
730 2239 849 2309 nervis
870 2261 945 2309 esse
964 2237 1191 2326 videbantur,
1213 2259 1362 2332 quaeque

294 2351 487 2423 orationem
509 2375 572 2446 pro
598 2353 639 2422 Α.
663 2351 789 2423 Cecina
809 2363 937 2427 ornant
954 2353 1137 2447 magnifice
1153 2362 1256 2448 atque
1274 2353 1362 2424 illu-

295 2469 450 2559 minant3
475 2469 536 2540 sed
556 2494 601 2541 ne
624 2469 647 2540 ii
674 2470 812 2563 quidem
832 2470 1019 2541 verborum
1039 2471 1360 2564 sententiarumque

226 2653 228 2660 .
295 2583 399 2658 tiores
418 2584 660 2675 inveniuntur,
684 2587 810 2680 quibus
834 2608 947 2657 sermo
965 2583 1022 2655 vel
1043 2587 1266 2680 quotidianus
1284 2586 1361 2657 dis-

295 2700 410 2794 tingui
431 2701 534 2792 solet,
559 2725 600 2772 ac
627 2703 688 2773 vix
708 2701 823 2774 ironia
848 2700 956 2771 semel
980 2701 1056 2773 uti³
1085 2702 1220 2774 urbane
1242 2713 1361 2774 orator

295 2839 402 2887 ausus
420 2826 484 2888 est.
505 2817 586 2888 Non
606 2818 699 2912 quod
717 2817 803 2889 adeo
819 2827 934 2888 mente
952 2826 1074 2911 captus
1092 2828 1143 2890 est
1162 2829 1285 2890 utnon
1302 2818 1361 2888 in-

296 2930 494 3023 telligeret,
517 2932 710 3004 communis
738 2954 846 3004 causa
871 2931 1053 3024 utilitatis,
1081 2958 1145 3005 nec
1170 2933 1362 3007 sententias

295 3046 584 3118 interdictorum‘*
597 3048 823 3122 infirmandas
839 3070 929 3134 esse,
942 3070 1007 3117 nec
1015 3049 1077 3142 jus
1090 3049 1192 3120 civile
1203 3059 1359 3122 contem-

298 3161 470 3248 nendum3
502 3163 562 3234 sed
585 3187 661 3234 sese
689 3164 726 3234 in
760 3166 905 3255 dicendo
934 3165 1060 3238 efferre
1080 3165 1243 3252 nolebat3
1273 3189 1360 3237 con-

296 3299 430 3348 cessam
453 3276 645 3370 juvenibus
668 3278 846 3352 licentiam
868 3281 911 3353 de
935 3279 1109 3353 industria
1134 3281 1356 3377 reprimebat,

297 3401 332 3464 et
350 3417 488 3464 omnem
510 3393 815 3488 amplificationem
835 3405 868 3469 et
890 3398 1211 3491 exaggerationem,
1235 3406 1273 3468 ut
1291 3397 1362 3469 tale

294 3509 463 3603 judicium
486 3509 544 3581 vel
575 3533 675 3582 senes
704 3513 914 3606 probarent,
945 3514 1049 3607 plane
1075 3513 1264 3608 rejiciebat.
1291 3513 1362 3584 Vix

330 3812 337 3848 ¹
353 3811 446 3863 Confer
460 3829 526 3878 cum,
543 3835 565 3868 c.
582 3833 665 3880 xxvii,
680 3822 750 3871 Orut.
768 3835 813 3885 pro
828 3823 928 3872 Cecina.

329 3890 481 3954 2Forsitan,
499 3898 531 3945 ob
552 3899 618 3948 bane
635 3915 745 3963 causam,
767 3905 802 3951 ita
821 3903 845 3950 in
867 3904 970 3968 dialogo
990 3901 1021 3952 de
1041 3903 1192 3955 Oratoribus
1215 3906 1366 3967 arroganter

299 3975 400 4039 scripsit
412 3976 525 4039 Tacitus,
541 3995 563 4029 c.
577 3996 614 4030 xx
631 3997 636 4031 :
654 3983 742 4041 «Quis
760 3985 791 4033 de
810 3985 957 4048 exceptione
976 3988 1001 4033 et
1022 3983 1129 4033 formula
1150 3984 1304 4048 perpetietur
1323 3983 1366 4033 illa

298 4056 422 4105 immensa
435 4057 563 4108 volumina
577 4076 633 4124 quae
646 4078 692 4126 pro
706 4063 742 4112 M.
759 4062 846 4113 Tullio
861 4064 976 4126 legimus.
993 4081 1006 4112 n

330 4136 342 4172 ³
355 4137 407 4186 Pro
423 4138 515 4199 Tullio,
529 4158 550 4190 c.
569 4157 605 4193 lv,

332 4217 384 4268 ⁴C.
399 4233 446 4280 1x;
462 4221 499 4270 Ct'.
515 4222 638 4271 orationis
652 4237 699 4286 pro
714 4223 807 4273 Cecina
823 4239 845 4272 r.
862 4239 918 4286 xrn,
934 4239 991 4274 xxv
1006 4231 1030 4274 et
1046 4239 1123 4276 xxvi.
