3044 4938
349 419 500 470 ORATIO
522 418 571 468 Db}
592 417 697 468 REGE
718 416 1016 468 snnxauottlno
1187 415 1239 466 89·

149 547 284 610 ceteras
293 548 417 631 gentes
427 546 631 631 appetentes
644 535 769 628 gloriae
782 544 887 630 atque
900 536 991 606 avidi
1005 535 1121 608 laudis
1135 533 1216 606 sue·-

152 663 248 744 runt,
271 653 386 747 magis
402 652 565 747 aequitate
580 661 687 747 atque
701 651 882 725 honestate
898 674 1001 744 quam
1016 650 1220 722 divitiarum

151 771 339 866 cupiditate
358 769 470 857 ducti,
498 767 621 840 contra
639 766 826 852 libidinem
851 765 975 856 animi,
1001 767 1038 836 in
1059 766 1220 846 maximis

153 887 259 959 rebus
271 907 357 980 sese
370 885 574 978 gessissent,
593 891 627 956 et
646 881 763 954 statim
777 881 860 976 quid
881 891 1023 954 senatus
1037 891 1129 953 esset
1143 877 1221 952 fac-

153 1012 256 1074 turus
267 1001 306 1072 in
316 999 378 1073 tali
393 1009 547 1093 tempore
563 1008 644 1070 ante
659 998 776 1070 oculos
794 997 1031 1092 proponebat3
1053 995 1141 1067 illud
1154 1002 1233 1067 au—'

84 1141 88 1145 ·
153 1127 225 1194 tem
242 1116 326 1188 satis
341 1125 487 1209 apparet
505 1138 549 1188 ex
570 1113 634 1186 illo
652 1111 885 1206 fragmento¹,
906 1133 974 1207 quo
994 1136 1108 1186 mores
1127 1111 1213 1184 anti-

92 1291 94 1296 .
155 1253 242 1324 quos
265 1252 306 1301 ac
328 1237 467 1322 patrum
493 1229 653 1302 instituta
681 1252 759 1301 cum
786 1229 840 1300 his
864 1229 965 1300 novis
994 1228 1224 1323 pessimisque

155 1342 266 1439 perite
290 1341 439 1415 confert.
468 1343 601 1416 Verum
625 1343 717 1438 apud
741 1342 902 1415 homines
921 1344 1010 1415 bene
1030 1344 1223 1430 institutori,
1310 1337 1313 1342 ⁴

154 1461 193 1530 in
219 1459 362 1562 consilio
382 1461 510 1550 dando,
532 1484 601 1532 non
627 1459 740 1532 solum
763 1460 855 1555 quod
883 1461 928 1531 ad
951 1460 1139 1532 utilitatem
1166 1460 1226 1530 sed

157 1573 263 1646 etiam
278 1575 369 1667 quod
383 1575 427 1644 ad
444 1572 603 1647 laudem²
622 1575 910 1669 honestatemque
925 1583 1058 1668 spectat
1074 1583 1228 1646 tractare

128 1715 133 1722 ·
157 1687 263 1760 debet
276 1697 394 1776 orator
411 1715 418 1758 :
437 1689 552 1783 itaque
571 1698 693 1760 noster
711 1689 757 1761 ad
774 1689 984 1782 dignitatem
997 1675 1136 1784 imperii
1149 1692 1225 1762 Ro-

159 1806 255 1878 mani
279 1802 476 1899 famamque
498 1806 591 1900 apud
614 1816 776 1894 externas
795 1815 921 1899 gentes
939 1807 1117 1900 pertinere
1139 1830 1227 1878 con-

158 1923 322 1994 firmabat
341 1945 410 1994 non
431 1945 511 1992 eum
537 1946 614 1994 esse
634 1923 801 2016 populum
820 1923 1041 2008 Romanum,
1064 1923 1123 2019 qui
1149 1947 1228 1994 om-

159 2040 257 2110 nium
276 2061 468 2130 regnorum
478 2037 633 2132 ‘cupidus
652 2052 731 2110 esse
748 2039 940 2127 videretur,
965 2038 1027 2110 sed
1050 2039 1116 2111 hoc
1133 2037 1227 2109 credi

161 2153 371 2248 vulgarique
390 2177 471 2224 eum
484 2178 548 2247 pro
567 2153 735 2246 dignitate
749 2154 844 2246 apud
861 2177 963 2226 omne
975 2154 1228 2246 genushuma-

162 2291 246 2340 num
268 2268 507 2362 pugnavisse,
538 2292 578 2340 ac
601 2270 833 2363 temperantia
858 2269 1138 2363 abstinentiaque
1161 2261 1248 2340 nas

164 2384 274 2456 tiones
289 2391 429 2454 exteras
449 2407 588 2477 semper
606 2407 792 2478 superasse
818 2410 825 2454 :
850 2385 932 2456 inde
949 2384 1098 2473 senatui,
1117 2383 1175 2478 qui
1195 2383 1230 2452 in

157 2499 236 2569 suis
254 2497 358 2570 rebus
375 2498 451 2594 ipse
465 2497 679 2591 judicabat³‚
702 2500 863 2594 imposita
882 2487 1070 2570 necessitas
1088 2498 1231 2570 modes-⁴

164 2617 261 2704 tiam,
277 2617 513 2688 innocentiam
525 2617 847 2710 humanitatemque
859 2616 1063 2710 praestandi.
1080 2614 1137 2686 Ad
1151 2614 1228 2700 hoo,

165 2739 205 2804 ut
222 2731 352 2804 seirent
371 2730 552 2804 senatores
567 2733 650 2827 quid
663 2756 688 2821 a,
699 2755 750 2820 se,
768 2755 836 2802 non
850 2733 964 2825 magis
979 2732 1059 2826 quia
1073 2728 1231 2802 fecerant

166 2869 271 2940 quam
287 2847 367 2944 quia
383 2846 420 2916 id
437 2846 516 2918 illos
533 2844 650 2918 facere
667 2847 825 2938 decebat,
849 2846 1110 2917 desideraretur
1128 2854 1232 2939 atque

167 2968 439 3054 exspectaretur,
459 2959 673 3033 memorabat
691 2959 811 3030 Cicero
825 2960 907 3032 illos
926 2961 1045 3054 paucis
1062 2959 1116 3032 his
1130 2961 1233 3032 annis

168 3096 239 3146 non
257 3073 498 3148 haereditatem
514 3083 620 3148 totam
639 3075 749 3165 obire,
765 3076 825 3148 sed
839 3099 881 3148 ex
894 3076 1101 3150 haereditate
1117 3075 1234 3148 tanta⁴

168 3209 421 3268 unumnomen
440 3210 632 3280 agnoscere
650 3189 816 3260 voluisse.
839 3191 1025 3284 Postquam
1044 3191 1092 3262 ita
1111 3190 1235 3283 splen·

169 3301 289 3374 dorem
298 3302 438 3396 imperii
452 3304 604 3376 Romani
620 3305 805 3398 magnifice
815 3301 1035 3393 defenderat,
1052 3328 1093 3377 ac
1106 3306 1234 3378 leviter

169 3439 362 3514 paucorum
385 3421 580 3513 potentium
596 3419 786 3494 avaritiam
811 3431 996 3494 notaverat
1013 3421 1070 3494 bis
1088 3421 1205 3494 verbis
1224 3447 1231 3490 :

172 3557 190 3604 ι(
218 3533 266 3604 Ut
284 3532 417 3605 bellum
435 3534 632 3628 gerendum
655 3557 732 3607 esse
755 3546 926 3627 censeret,
945 3537 1005 3631 qui
1024 3537 1236 3610 mentionem

170 3649 329 3744 pecunias
352 3647 497 3740 fecerat,
522 3675 540 3720 n
570 3661 691 3746 aperte
716 3651 882 3724 Crassum
896 3653 1156 3748 ,oppugnabam
1178 3653 1237 3747 qui

203 3956 214 3991 ⁴
234 3969 247 4000 a
263 3950 300 4011 Si,
312 3951 406 4014 hercle,
422 3947 448 4002 fn
463 3951 557 4002 nostris
567 3953 644 4002 rebus
656 3957 710 4003 tarn
725 3967 796 4002 acres
806 3953 838 4002 ad
848 3953 979 4016 pecunias,
993 3971 1006 4002 n
1022 3957 1070 4006 etc.

203 4033 215 4068 ²
230 4031 361 4082 Ciceronis
376 4033 531 4083 Partitiones
541 4036 616 4093 orat,
628 4048 651 4082 c.
664 4047 741 4082 xxvi.

203 4114 215 4149 ³
232 4129 244 4160 n
256 4112 305 4163 Sed
318 4119 413 4170 tamen,
422 4129 478 4177 quae
488 4117 548 4162 sunt
559 4118 647 4162 nostra
656 4111 777 4181 judicia.»
791 4141 817 4148 -ι
831 4130 843 4158 n
855 4113 952 4164 ltebent
962 4111 1217 4164 essemodesusstma
1231 4130 1236 4162 r

116 4243 119 4252 ,
171 4193 325 4266 quoniam»
343 4197 393 4244 etc.

202 4275 213 4309 ⁴
232 4291 245 4321 u
260 4274 307 4334 Qui
317 4290 347 4323 ex
361 4273 510 4323 haereditate
519 4276 624 4330 tantan
640 4278 689 4322 etr.
