3044 4938
274 349 332 434 'sa
423 383 470 430 uu
493 381 706 437 utcunortrs
728 382 966 438 oaurrouuu
994 379 1259 434 rnnouuurrs

257 531 260 536 ¹
301 503 418 574 odium
432 510 537 596 atque
553 502 651 614 iram
661 503 816 574 omnium
830 480 983 574 excitare
1002 501 1147 582 valeret,
1165 499 1256 596 quod
1269 507 1364 571 certe

301 619 377 692 haec
404 618 609 690 confirmare
630 626 775 713 possunt
804 643 812 688 z
843 643 861 687 u
891 619 993 690 Hanc
1017 626 1055 688 tu
1081 617 1202 707 babes,
1232 625 1298 687 ete.
1320 657 1365 666 -—

302 734 416 818 Quum
426 732 751 827 deprehendebare,
762 741 825 804 etc.
837 776 876 784 —
889 731 1028 826 Stupris
1043 755 1081 803 se
1091 731 1364 823 omnibus,etc.»

302 851 481 938 Attamen,
508 873 612 942 quum
639 857 781 943 propter
809 871 943 920 morum
971 849 1204 942 corruptelam
1231 869 1272 920 ea
1293 848 1368 918 sine

302 973 475 1037 momento
503 971 536 1034 et
563 963 718 1056 pondere
750 985 827 1036 esse
856 951 1010 1058 possent,
1042 963 1223 1035 Catilinam
1250 963 1367 1032 virum
1411 1025 1418 1036 .

302 1078 480 1174 publicum
498 1102 620 1150 rursus
642 1078 838 1152 lacessebat
861 1103 868 1150 :
891 1080 1009 1174 itaque
1031 1077 1200 1174 quomodo
1219 1078 1369 1173 provin-

302 1196 390 1266 ciam
417 1193 573 1268 Africam
611 1196 809 1266 omnimodo
845 1196 1043 1267 vexavisset
1081 1193 1369 1290 spoliavissetque

303 1309 509 1404 explicabat,
531 1310 712 1382 urbaniter
727 1310 976 1382 dissimulando
994 1319 1028 1381 et
1054 1332 1178 1382 severe
1200 1308 1364 1397 ludendo,

304 1425 416 1520 quoad
440 1425 578 1496 tandem
606 1426 670 1497 sub
688 1427 756 1498 fine
782 1424 953 1497 indicaret
980 1449 1018 1497 se
1048 1425 1151 1497 aliter
1171 1421 1300 1512 sentire
1327 1446 1368 1496 ac

248 1578 253 1588 ·
303 1540 508 1635 loquebatur
530 1567 537 1611 :
562 1543 652 1636 quod
668 1543 805 1637 quidem
824 1564 937 1632 genus
955 1541 1165 1635 perelegans
1185 1549 1219 1611 et
1239 1539 1367 1612 salsum

303 1656 377 1730 est¹
394 1685 402 1744 3
422 1679 463 1729 ac
480 1667 614 1754 postea,
635 1667 674 1730 ut
694 1667 834 1732 senatus
858 1659 1033 1752 principes
1058 1680 1229 1728 novarum
1248 1680 1369 1729 rerum

303 1782 439 1844 terrore
457 1773 679 1867 percelleret,
697 1774 857 1844 Catilinae
881 1773 1098 1868 aliorumque
1114 1771 1287 1844 nefarium
1306 1795 1368 1844 co-

302 1896 436 1975 natum,
462 1886 505 1959 de
529 1888 700 1959 industria
720 1890 910 1978 reticend0,
941 1891 978 1960 in
997 1890 1200 1966 memoriam
1220 1909 1368 1960 revoca-

303 2001 377 2090 bat,
399 2011 438 2072 ut
453 2025 495 2072 ex
508 2002 562 2074 his
578 2002 715 2074 duobus
734 2002 945 2098 fragmentis
958 2013 1053 2100 patet
1070 2031 1078 2074 :
1097 2030 1115 2076 κ
1132 2005 1231 2088 Quod
1249 2027 1315 2096 ego
1329 2010 1367 2074 ut

304 2118 530 2212 involaveris,
556 2129 622 2192 eto.
647 2161 696 2172 -
714 2113 893 2192 Praetereo
922 2120 1019 2190 illum
1040 2118 1228 2209 nefarium,
1257 2128 1322 2191 eto.
1347 2144 1365 2190 1)

303 2234 492 2330 Reliquum
506 2259 601 2306 nuno
619 2244 696 2308 erat
715 2234 885 2325 Ciceroni,
908 2247 944 2308 ut
963 2239 1085 2309 eadem
1102 2236 1239 2308 macula
1263 2235 1365 2328 igno-

304 2352 479 2448 miniaque
497 2349 654 2423 afficeret
673 2352 712 2422 G.
730 2352 930 2440 Antonium,
950 2361 984 2426 et
1005 2350 1195 2424 verisimile
1217 2360 1269 2422 est
1287 2375 1368 2423 eum

247 2561 249 2564 Ι
303 2490 373 2536 11011
392 2456 474 2537 111110
503 2465 615 2538 officio
642 2468 810 2562 imparem
843 2465 991 2554 fuisse,
1008 2475 1043 2566 at
1063 2469 1092 2538 is
1115 2467 1211 2543 locus
1233 2474 1368 2538 tantum

303 2591 461 2676 superest
475 2606 542 2677 quo
563 2584 781 2676 competitori
800 2608 863 2655 suo
883 2586 1037 2655 animum
1057 2586 1236 2676 ingratum
1250 2590 1368 2654 noster

302 2698 502 2792 objiciebat,
525 2697 686 2793 illamque
705 2699 966 2792 turpitudinem,
991 2723 1057 2794 qua
1076 2698 1271 2791 aurigando
1292 2719 1369 2770 sese

302 2814 565 2907 inquinaverat,
583 2813 675 2884 salse
694 2814 742 2884 ita
760 2813 985 2886 illuminabat
1002 2839 1009 2884 :
1026 2839 1044 2883 u
1061 2815 1115 2886 An
1136 2815 1266 2886 oblitus
1280 2838 1317 2887 es
1335 2821 1368 2885 te

303 2951 346 3000 ex
370 2952 438 3016 me,
464 2937 529 2999 etc.
560 2953 578 2996 o
603 2955 610 2999 :
634 2952 720 3022 ergo
747 2930 915 3002 orationis
937 2929 1028 3001 hane
1052 2939 1187 3027 partem
1208 2953 1367 3002 mancam

305 3066 441 3114 esseae
465 3044 658 3117 mutilatam
678 3046 762 3116 satis
782 3045 828 3116 sit
849 3042 1028 3117 affirmare
1051 3071 1057 3115 :
1085 3068 1161 3118 eam
1176 3045 1267 3118 enim
1281 3069 1368 3144 sup·
1461 3035 1465 3042 ’

303 3159 402 3254 plere
415 3159 564 3230 hominis
578 3169 669 3232 esset
685 3162 907 3254 impudenter
926 3162 1103 3234 abutentis
1117 3162 1243 3233 litteris
1264 3172 1368 3258 atque

303 3277 385 3347 otio.
407 3277 603 3363 Postremo,
625 3276 760 3346 circiter
783 3276 972 3368 perorandi
992 3276 1111 3364 finem,
1132 3298 1173 3346 ea
1192 3283 1308 3347 mente
1331 3285 1368 3350 ut

303 3392 526 3488 epraeteritis
545 3393 733 3486 praesentia
752 3400 932 3464 senatores
953 3393 1180 3480 aestimarent,
1200 3393 1236 3463 in
1260 3392 1368 3464 malos

187 3559 191 3564 -
302 3509 408 3596 cives,
432 3509 503 3604 qui,
524 3531 630 3606 quum
645 3506 763 3580 furere
783 3508 857 3602 jam
874 3509 982 3580 semel
1002 3532 1073 3581 non
1095 3516 1248 3607 possent,
1270 3531 1365 3596 111011,

303 3626 499 3702 consulibus
519 3626 643 3728 quibus
662 3625 965 3700 vehementissime
985 3622 1153 3698 favebant
1172 3625 1370 3698 conniven-

303 3743 407 3834 tibus,
430 3743 701 3841 proscriptiones
719 3749 753 3814 et
777 3741 919 3838 rapinas
941 3731 1155 3836 cogitabant,
1177 3740 1232 3812 his
1251 3739 1368 3812 verbis

211 3887 213 3892 ·
305 3858 425 3932 Cicero
450 3858 686 3930 insectabatur
713 3883 719 3926 :
744 3883 763 3927 u
792 3858 858 3942 Qui
881 3867 1105 3953 posteaquam
1135 3857 1208 3946 illo,
1230 3865 1295 3929 etc.
1320 3893 1368 3906 -

304 3977 405 4047 Hunc
433 3998 496 4044 vos
520 3973 640 4044 scitote
669 3971 848 4056 Licinium,
876 3981 941 4043 etc.
977 3999 994 4040 »
1020 3974 1165 4059 Verum,
1198 3971 1368 4064 quomodo

335 4244 343 4280 ¹
362 4240 398 4292 De
414 4240 530 4298 Oratore,
545 4223 638 4300 111111,
653 4255 674 4288 r.
690 4253 772 4292 111111.
