3070 4950
198 1475 363 1550 ORATIO
388 1476 511 1558 QUUll
536 1476 1267 1558 11111111011111111101111111111

658 1721 817 1733 ...υ-...-

249 2036 332 2106 Post
359 2029 765 2122 Varenidefensiouem,
798 2032 900 2104 nulla
919 2033 1127 2126 interposita
1146 2055 1264 2118 causa,

134 2161 137 2173 '
199 2163 238 2224 ut
257 2175 300 2222 ex
314 2151 417 2240 libro,
440 2151 498 2244 qui
516 2133 903 2238 Brutu's¹insoribitur,
922 2150 1098 2219 affirmare
1111 2171 1264 2242 possum,
1374 2183 1378 2188 -

199 2268 330 2339 sactum
344 2265 501 2338 unanimi
517 2286 600 2333 voce
621 2273 831 2358 quaestorem
851 2263 1053 2334 Ciceronem
1070 2262 1266 2332 Siciliensis

200 2385 332 2477 excepit
356 2405 482 2454 annus.
514 2381 559 2451 At
582 2403 625 2449 ex
650 2388 841 2473 quaestura,
869 2380 927 2474 qui
942 2381 1076 2474 primus
1094 2379 1267 2449 honorum

198 2507 275 2569 erat
291 2498 435 2590 gradus,
458 2519 494 2566 so
510 2517 586 2566 66111
601 2495 752 2587 gloriam
776 2503 1059 2589 comparaturum
1083 2518 1159 2566 esse
1182 2518 1266 2590 spe-

199 2613 299 2684 rabat
307 2622 433 2695 noster,
443 2622 482 2684 ut
493 2611 642 2706 populus
653 2611 832 2682 Romanus
847 2612 935 2682 ultro
947 2612 1014 2704 ipsi
1022 2611 1265 2683 omniastatim

198 2737 288 2799 esset
301 2727 496 2799 delaturus.
518 2727 653 2821 ltaque,
684 2749 728 2796 ne
752 2750 880 2797 nomen
907 2751 1009 2797 suum
1031 2727 1106 2820 jam
1131 2727 1168 2796 in
1187 2723 1264 2795 foro

198 2843 427 2932 celebratum,
460 2844 559 2914 nulla
589 2853 706 2914 autem
735 2847 906 2937 majorum
937 2841 1031 2913 lama
1059 2841 1262 2930 subnixum,

198 2959 354 3030 elevaret
369 2969 429 3031 aut
449 2960 582 3031 macula
599 2959 815 3052 inquinaret,
846 2977 924 3029 cum
943 2979 1079 3028 summa
1109 2955 1266 3028 benevo-

197 3076 319 3166 lentia,
337 3101 414 3147 cum
431 3098 565 3150 summa
577 3074 824 3168 temperantia,
845 3097 924 3144 cum
947 3095 1082 3144 summa
1100 3074 1266 3167 aequitate

196 3191 410 3284 provinciam
425 3189 685 3264 administravit
699 3212 810 3260 suam.
834 3189 997 3260 Ceterum
1014 3211 1082 3258 non
1099 3189 1265 3259 virtutem

197 3329 296 3377 suam
325 3309 401 3379 aliis
424 3303 687 3402 praedicandam
711 3304 908 3394 commisit,
941 3327 1079 3389 verum,
1101 3303 1144 3373 de
1169 3325 1265 3374 more

197 3445 272 3510 suc,
308 3421 626 3494 111661611611111162
654 3416 802 3519 quadam
829 3424 988 3497 oratione
1021 3424 1137 3495 verbis
1163 3447 1263 3518 paeue

197 3537 443 3629 arrogantibus
471 3561 541 3608 non
566 3540 680 3610 solum
703 3541 946 3633 gravissimam
975 3563 1015 3611 ac
1034 3540 1262 3615 clarissimam

196 3650 304 3724 fuisse
323 3663 536 3747 quaesturam
557 3678 655 3726 suam
676 3656 790 3726 dicere
810 3679 917 3726 ausus
941 3663 1006 3744 est,
1035 3655 1096 3725 sed
1110 3677 1165 3742 ea,
1188 3677 1266 3748 quae

196 3768 344 3862 Lilybaei
363 3779 535 3861 gesserat,
559 3771 698 3863 singula
717 3769 956 3843 enumeranda
975 3767 1166 3838 arbitratus
1183 3776 1261 3839 est:

197 3910 216 3952 u
232 3884 414 3955 Frumenti
432 3885 555 3980 (enim)
573 3887 609 3954 in
625 3909 761 3958 summa
776 3887 922 3958 caritate
934 3885 1125 3955 maximum
1139 3905 1263 3955 nume-

227 4152 237 4186 1
252 4151 281 4201 C.
297 4165 358 4200 xcu.

227 4231 306 4290 Ῥω
322 4231 435 4293 Plancio,
449 4248 471 4282 c.
486 4248 561 4284 xxvi.
653 4257 655 4264 v
