3024 4944
234 392 483 444 rnncnnurn
504 389 749 441 onsrrcnnu
772 385 1095 442 nnrnnbrrnnuu
1153 381 1197 444 iss

170 512 219 572 15.
242 513 351 588 Neque
372 530 457 581 vero,
479 511 612 586 judices,
625 510 793 588 quidquam
818 509 901 569 aliud
921 511 961 569 in·
981 511 1106 588 ignoto¹
1121 519 1200 573 teste

129 618 233 678 facore
262 619 418 688 debemus,
449 618 510 678 nisi
531 623 565 678 ut
591 601 783 695 argumento,
810 621 997 696 conjectura,
1025 621 1200 696 suspicione

129 745 234 786 rerum
248 727 384 804 ipsarum
399 726 464 784 vim
479 733 680 802 naturamque
695 743 879 801 quaeramus.
897 726 1019 785 Etenim
1033 727 1123 786 testis
1138 745 1198 786 non

130 836 218 894 modo
233 835 318 906 At'er,
335 840 387 894 aut
401 835 517 894 Sardus
527 853 610 902 sane,
628 834 655 893 si
667 835 710 893 ita
725 833 820 893 scisti
834 835 952 893 malunt
964 834 1127 912 nominari,
1146 836 1200 895 sed
1226 905 1231 916 ι

130 940 232 1016 quivis
248 940 339 999 ctiam
353 939 525 1015 elegantior
542 957 576 998 ac
591 938 771 1014 religiosior
785 937 912 1015 impelli,
929 939 1094 1016 deterreri,
1112 941 1198 1018 fingi,

129 1048 210 1109 flecti
225 1055 343 1125 potest3
360 1048 500 1106 dominus
515 1053 567 1112 est,
577 1047 643 1123 ipse
653 1021 825 1105 voluntatis
836 1063 910 1116 suae,
928 1047 959 1104 in
975 1065 1033 1122 quc
1044 1055 1091 1108 est
1105 1049 1201 1127 impu-

130 1156 194 1215 nita
206 1155 373 1218 mentiendi
389 1155 523 1214 licentia.

172 1246 219 1324 16]
251 1264 477 1339 Argumentum
506 1279 594 1337 vero,
624 1263 704 1337 quod
736 1261 858 1337 quidem
888 1266 934 1320 est
969 1261 1127 1338 proprium
1156 1262 1200 1320 rei

126 1371 342 1452 (nequeenim
367 1371 464 1430 ullum
492 1369 575 1430 aliud
611 1374 826 1446 argumentum
849 1385 923 1428 vere
948 1369 1053 1428 vocari
1075 1367 1199 1448 polest),

67 1464 70 1469 ’
129 1489 233 1530 rerum
253 1488 315 1530 vox
330 1474 388 1544 est,
413 1475 531 1528 naturae
550 1468 729 1544 vestigium,
753 1467 897 1526 veritatis
914 1474 1008 1526 ncta:
1029 1468 1072 1536 id,
1096 1467 1203 1543 quale·

130 1595 258 1652 cumque
277 1581 334 1645 est,
361 1581 483 1635 maneat
505 1575 698 1634 immutabile
720 1591 844 1634 necesse
864 1579 927 1650 est;
952 1593 1010 1633 non
1037 1575 1203 1634 enimin·
1253 1645 1256 1651 1

131 1682 215 1760 gitur
229 1684 268 1742 ab
282 1687 415 1750 oratore,
434 1683 487 1742 sed
503 1682 647 1743 sumitur.
666 1682 767 1751 Quare
781 1680 813 1738 in
827 1698 862 1738 eo
876 1697 990 1756 genere
1000 1679 1202 1738 accusationis

131 1789 159 1846 si
172 1789 327 1864 vincerer,
346 1789 576 1848 succumberem
583 1793 621 1847 et
634 1788 774 1846 cederem
789 1808 797 1846 z
816 1786 960 1846 vincerer
974 1788 1055 1846 omni
1067 1805 1112 1858 re,
1130 1787 1201 1846 vin·

101 1953 102 1956 ,
131 1915 218 1956 cerer
233 1915 336 1972 causa,
352 1898 496 1958 vincerer
511 1897 655 1958 veritate.

172 2003 221 2064 17.
235 1983 364 2080 ¹Agmen
380 2002 392 2039 ²
407 2009 441 2063 tu
458 2003 535 2063 mihi
556 2003 683 2062 inducas
704 2003 874 2062 Sardorum
891 2010 922 2063 et
941 2010 1095 2077 catervas,
1112 2010 1142 2064 et
1155 2021 1203 2064 me

132 2127 190 2168 non
205 2109 385 2171 criminibus
401 2127 514 2186 urgere
539 2111 592 2170 sed
611 2111 761 2170 Afrorum
775 2109 787 2144 ³
799 2109 923 2171 fremitu
937 2117 1057 2170 terrere
1072 2113 1203 2170 conerel

131 2216 201 2274 Non
213 2222 318 2292 potero
333 2216 474 2292 equidem
488 2216 658 2293 disputare,
674 2217 727 2276 sed
742 2217 780 2276 ad
796 2217 906 2276 horum
915 2217 1007 2276 fldem
1016 2223 1049 2276 et
1061 2235 1204 2276 mansue-

131 2323 269 2382 tudinem
292 2329 480 2400 confugere,
497 2323 538 2382 ad
554 2323 817 2398 jusjurandum
834 2324 1001 2399 judicum,
1028 2324 1074 2384 ad
1099 2324 1203 2402 populi

132 2429 261 2488 Romani
276 2429 467 2505 equitatem,
485 2429 538 2505 qui
556 2430 633 2488 hanc
652 2413 801 2488 familiam
815 2431 846 2489 in
862 2431 919 2489 hac
938 2432 1014 2490 urbe
1033 2431 1204 2508 principem

132 2536 232 2595 voluit
246 2554 328 2612 esse3
345 2537 471 2596 deorum
485 2535 708 2596 immortalium
723 2555 833 2596 numen
847 2538 1014 2614 implorare
1023 2545 1140 2616 potero,
1154 2539 1205 2616 qui

133 2660 253 2720 semper
266 2643 453 2703 exstiterunt
468 2643 540 2703 huic
555 2643 662 2720 generi
675 2644 852 2720 nominique
866 2646 1012 2706 fautores.

172 2752 220 2811 18.
247 2751 441 2828 «Poposcit,
468 2751 646 2828 imperavit,
672 2751 797 2828 eripuit,
824 2753 934 2828 coegit.
961 2771 977 2808 n
1000 2785 1039 2797 -
1061 2754 1095 2813 Si
1114 2755 1204 2815 doces

132 2859 257 2928 tabulis,
276 2857 441 2934 quoniam⁴
456 2859 548 2918 habet
557 2854 668 2918 seriem
684 2859 846 2933 quamdam
859 2864 889 2917 et
903 2859 1042 2918 ordinem
1056 2862 1205 2920 contracti

133 2965 249 3041 negotii
270 2964 419 3024 confectio
433 2965 501 3041 ipsa
514 2966 699 3049 tabularum,
724 2965 879 3024 attendam
899 2966 1025 3036 acriter,
1042 2973 1073 3027 et
1088 2967 1159 3043 quid
1174 2969 1204 3027 in

134 3070 320 3131 defendendo
332 3072 408 3130 mihi
418 3073 568 3148 agendum
580 3072 620 3130 sit
633 3072 754 3132 videbo.
769 3071 804 3132 Si
815 3072 943 3148 denique
953 3073 1052 3132 nitere
1061 3073 1204 3144 testibus,

134 3194 192 3236 non
207 3177 275 3236 dioc
289 3177 376 3236 bonis
391 3177 470 3237 viris
482 3196 517 3237 ac
530 3178 679 3254 probatis,
691 3178 755 3238 noti
766 3179 829 3239 sint
840 3180 938 3249 mode,
955 3181 1206 3256 quemadmodum

135 3282 210 3340 mihi
227 3300 296 3342 cum
310 3300 428 3358 quoque
444 3283 484 3342 sit
499 3283 724 3360 confligendum
740 3285 952 3346 considerabo.

173 3389 220 3448 19.
247 3389 302 3448 Sin
317 3407 396 3448 unus
411 3370 509 3460 color,
520 3409 580 3450 una
594 3407 665 3460 vox,
679 3410 739 3451 una
752 3392 834 3452 natio
850 3397 898 3452 est
912 3391 1047 3451 omnium
1067 3391 1204 3464 testium,

135 3495 173 3564 si,
190 3497 269 3574 quod
290 3496 314 3556 ii
334 3497 449 3571 dicunt,
469 3515 528 3556 non
550 3498 639 3558 modo
660 3499 754 3558 nullis
779 3499 980 3575 argumentis,
1003 3499 1054 3557 sed
1070 3517 1107 3557 ne
1121 3498 1207 3557 litte·

134 3621 240 3662 rarum
254 3604 375 3679 quidem
396 3605 497 3682 aliquo
518 3622 629 3680 genere
651 3611 703 3664 aut
721 3605 914 3682 publicarum
928 3609 987 3664 aut
1001 3587 1205 3681 privatarum,

135 3710 213 3784 quod
227 3715 329 3768 tamen
347 3711 448 3788 ipsum
469 3711 545 3788 fingi
560 3717 672 3788 potest,
697 3712 879 3772 confirmare
899 3717 1068 3772 conantur:
1086 3729 1208 3788 quomo

134 3823 264 3888 vertam,
284 3817 416 3896 judices,
439 3824 491 3878 aut
507 3817 579 3894 quid
598 3819 706 3894 agane
728 3819 806 3880 (lum
830 3818 961 3895 singulis
985 3818 1159 3894 disputem?
1176 3821 1205 3894 †.

163 4000 171 4032 ί
189 4001 220 4040 lo
230 3985 384 4050 ionotc'teste
394 3996 462 4040 habet
474 3997 560 4041 scholia
571 3996 704 4040 Bobiensia.

164 4066 174 4100 ²
187 4073 280 4121 Acmen
290 4089 304 4100 -
317 4091 329 4101 -
345 4072 481 4112 Sardorum
490 4069 559 4112 habet
569 4068 657 4112 scholia
670 4067 805 4110 Bobiensia.

161 4141 172 4175 3
188 4139 307 4188 Afrorum
317 4141 419 4191 fremitu
430 4140 498 4183 habet
508 4141 596 4183 scholia
610 4139 742 4182 Bobiensia.

162 4209 173 4244 ⁴
185 4209 252 4250 lloec:
264 4208 377 4261 quoniam
389 4210 458 4251 babet
468 4232 478 4241 -
491 4231 503 4240 -
519 4216 592 4261 atqua
608 4210 723 4261 injurios.
738 4206 795 4252 ι625.
810 4205 902 4248 Habent
914 4204 1082 4247 Ambrosianus
1093 4209 1116 4246 ct
1127 4203 1207 4248 lauri·

137 4279 218 4319 nensis
230 4279 330 4324 redires.
