3024 4944
320 325 363 376 1³4
421 325 674 376 FRAGMENTA
697 327 937 378 ORATIONUM
960 327 1285 380 DEPERDITARUM

359 444 407 504 11.
431 445 510 522 quod
524 445 555 502 in
571 444 641 504 aliis
661 446 762 506 causis
781 447 871 507 debet
894 446 1001 506 valere
1015 454 1046 507 et
1062 447 1147 508 valet
1162 449 1231 523 lege
1246 446 1381 524 Aquilia,

319 553 349 610 id
360 551 578 626 exhujusmodi
588 552 799 630 damu0,quod
810 553 905 631 viper
916 571 1024 614 servos
1035 559 1168 614 armatos
1179 555 1381 628 detumesset.

320 660 497 734 manifesto
511 658 749 736 deprehensum
765 679 930 736 apparere
940 662 1120 736 judicavit,
1138 670 1236 737 atque
1257 661 1331 719 ideo
1350 661 1385 718 de

317 783 440 826 mannia
451 785 517 824 non
531 766 674 842 addidit,
691 785 744 836 ne,
762 769 819 843 qui
834 768 990 828 haberent
1001 769 1267 843 controversiam,

357 873 405 932 12.
430 873 487 950 ipsi
504 878 676 932 statuerent
690 893 748 950 quo
772 880 909 952 tempore
932 881 1057 953 possent
1072 893 1126 934 suo
1142 878 1215 952 jure
1232 892 1319 932 arma
1338 893 1385 933 ca-

318 999 401 1056 pere,
418 998 540 1038 manum
559 997 688 1055 cogere,
713 980 853 1040 homines
875 982 1024 1041 occidere.
1048 983 1146 1052 Quum
1169 979 1325 1060 judicium
1349 981 1387 1040 ila

318 1087 416 1162 daret,
429 1093 462 1145 ut
479 1088 536 1144 hoc
551 1088 650 1146 solum
665 1087 694 1145 in
712 1087 863 1165 judicium
884 1090 1015 1158 veniret,
1032 1088 1229 1147 viderelurne
1246 1088 1276 1146 vi
1294 1088 1386 1146 homi-

318 1192 408 1252 nibus
418 1193 533 1252 coactis
548 1195 716 1254 armatisve
729 1193 872 1253 damnum
885 1193 954 1252 dolo
969 1194 1049 1252 malo
1063 1194 1190 1255 familiae
1205 1194 1328 1268 datum,
1340 1213 1390 1252 nc-

319 1319 377 1376 que
398 1300 477 1360 illud
499 1301 624 1362 adderet
644 1319 781 1376 monam,
808 1301 929 1378 putavit
953 1319 985 1358 se
1008 1301 1166 1361 audaciam
1181 1301 1388 1377 improborum

317 1406 492 1484 sustulisse,
508 1425 599 1482 quum
612 1425 695 1486 spem
711 1407 898 1468 defensionis
914 1408 1031 1470 nullam
1045 1408 1235 1486 reliquisset.

360 1515 407 1574 13.
433 1515 582 1586 Quoniam
597 1516 676 1592 quod
688 1516 841 1600 judicium
854 1523 885 1575 et
900 1535 958 1592 quo
973 1515 1101 1576 consilio
1124 1515 1327 1576 constitutum
1352 1512 1389 1571 sit

317 1622 484 1698 cognostis,
501 1640 581 1680 nunc
601 1641 666 1681 rem
689 1623 798 1699 ipsam,
817 1629 851 1683 ut
874 1629 961 1700 gesta
983 1622 1033 1692 sit,
1061 1622 1133 1682 dum
1147 1621 1288 1680 breviter
1303 1620 1389 1679 vobis

321 1729 507 1798 demonstro,
524 1730 684 1789 attendite.
829 1713 831 1720 ’

298 1809 303 1820 ⁸
361 1836 409 1896 14.
432 1835 573 1895 Fundam
593 1838 683 1894 hahet
703 1838 732 1896 in
754 1855 830 1914 agro
850 1837 988 1898 Thurino
1007 1839 1051 1897 M.
1078 1836 1202 1896 Tullius
1217 1841 1390 1912 paternum,

320 1941 553 2020 reciperatores,
566 1960 654 2018 quem
667 1960 699 2000 se
713 1944 826 2002 hahere
836 1961 933 2020 usquo
942 1961 977 2003 eo
988 1963 1047 2002 non
1057 1944 1185 2002 moleste
1199 1942 1283 2017 tulit,
1298 1943 1393 2002 donec

296 2049 459 2150 ,vicinum
488 2049 638 2125 ejusmodi
663 2056 768 2110 nactus
792 2057 850 2126 est,
875 2050 927 2126 qui
946 2052 1015 2128 agri
1038 2052 1117 2110 fines
1137 2051 1232 2109 armis
1253 2049 1392 2127 proferre

323 2157 431 2215 mallet
445 2174 534 2233 quam
544 2159 617 2236 Jure
627 2156 801 2215 defendere.
819 2155 898 2216 Nam
910 2147 952 2217 P.'
967 2158 1080 2217 Fabius
1090 2175 1187 2234 nuper
1197 2157 1272 2215 emit
1284 2173 1393 2232 agrum
1493 2177 1494 2228 3

323 2265 361 2323 de
376 2265 407 2322 G.
426 2263 553 2323 Claudio
570 2269 722 2338 senatore,
740 2263 787 2322 cui
801 2262 894 2322 fundo
907 2268 973 2322 erat
986 2262 1096 2322 adfinis
1107 2264 1150 2322 M.
1167 2262 1305 2330 Tullius,
1322 2279 1393 2320 sane
1493 2301 1494 2326 .

323 2388 443 2446 magno,
461 2370 586 2430 dimidio
607 2369 671 2428 fere
690 2370 787 2448 pluris
810 2370 960 2428 incultum
981 2370 1099 2429 exustis
1121 2370 1207 2428 villis
1230 2369 1392 2440 omninno,

325 2494 415 2552 quam
438 2467 713 2553 quanti'integrum
727 2483 817 2553 atque
836 2476 1066 2536 ornatissimum
1093 2475 1262 2535 carissimis
1284 2476 1393 2552 pretiis

325 2583 390 2660 ipse
406 2584 550 2643 Claudius
565 2592 697 2642 emerat.
715 2584 803 2660 Apri
812 2584 966 2659 cupidius
981 2584 1081 2659 empti
1095 2585 1242 2659 pretium
1253 2601 1328 2640 sero
1344 2584 1394 2639 di·
1492 2615 1493 2642 l

325 2690 482 2765 lepontios
493 2689 680 2747 attendenti
694 2707 795 2766 quum
812 2690 909 2746 nitatis
922 2678 1079 2764 maynardi
1095 2689 1277 2763 uideretur,
1294 2689 1396 2763 focile

324 2803 370 2856 ert
390 2797 582 2855 edistincotd
604 2794 765 2852 stomachi
779 2803 941 2871 quantum
955 2796 1072 2869 feccrit
1087 2794 1230 2869 suspicio
1247 2793 1396 2852 occidito·

323 2926 394 2966 rem
415 2925 449 2965 se

366 3015 413 3073 15.
432 3016 510 3073 clam
521 3012 800 3088 circumscripsisse
810 3011 860 3071 isti
874 3009 1055 3070 aoonsulari
1071 3007 1249 3068 Macedonia
1264 3014 1295 3066 et
1308 3009 1393 3067 Asia.

326 3123 426 3183 Etiam
441 3121 519 3179 illud
533 3121 642 3179 addam
657 3120 735 3196 quod
751 3120 787 3178 ad
806 3137 871 3177 rem
885 3118 1028 3195 pertinet.
1047 3119 1236 3192 Imperatore
1261 3121 1394 3182 mortuo,
1490 3167 1491 3182 ,

325 3227 483 3305 pecuniam
508 3227 610 3286 nescio
633 3227 720 3286 modo
742 3227 902 3302 quaesitam
917 3226 989 3284 dum
1005 3225 1073 3282 vult
1087 3223 1118 3281 in
1136 3221 1254 3300 praedio
1269 3239 1393 3298 ponere,

326 3354 384 3394 non
398 3333 500 3414 posuit
515 3334 567 3393 sed
583 3334 705 3412 abjecit.
728 3333 816 3394 Nihil
830 3334 929 3392 adhuc
943 3348 1140 3409 mapnoperc
1155 3331 1269 3400 miror,
1297 3329 1394 3405 quod,

325 3444 466 3506 stultitia
485 3460 548 3501 scio
567 3443 763 3518 impeditor,
786 3459 916 3517 quoquo
936 3439 1030 3498 modo
1044 3444 1165 3514 posset,
1190 3454 1224 3494 se
1238 3437 1397 3512 conpedirc

326 3551 439 3610 ocidit.
464 3549 556 3608 lttod
580 3565 655 3606 vero
679 3549 798 3605 mirari
820 3549 902 3606 satis
920 3564 985 3605 non
1001 3562 1093 3622 queo,
1115 3542 1201 3602 illud
1224 3543 1395 3618 indipnor,

326 3656 414 3735 qdod
437 3673 533 3714 suom
554 3655 728 3714 stultitiam
743 3654 914 3713 calamitate
928 3653 1098 3711 vicinorum
1113 3648 1257 3726 corrigit,
1270 3655 1301 3706 et
1317 3647 1394 3724 quod

327 3763 515 3822 stomachum
531 3777 619 3820 suum
632 3762 740 3820 damno
756 3760 852 3821 Tullii
865 3760 991 3837 explere
1006 3763 1133 3817 conatus
1148 3762 1205 3816 est.

368 3868 415 3928 16.
440 3869 497 3928 Est
511 3866 542 3925 in
558 3885 594 3926 eo
607 3885 682 3944 agro
697 3867 846 3937 centuria,
864 3885 931 3942 quae
951 3864 1125 3943 Populiana
1142 3862 1330 3938 nominatur,
1349 3881 1397 3920 rc·

327 3977 525 4054 ciperatoreS‚
542 3993 609 4053 quae
620 3993 740 4052 semper
755 3976 800 4034 M.
816 3974 911 4034 Tullii
925 3973 995 4051 luit,
1010 3991 1100 4049 quam
1115 3971 1207 4031 etiam
1222 3975 1310 4047 pater
1324 3988 1397 4048 pos-

326 4057 541 4166 }ederotnine
550 4085 621 4143 otta
630 4103 780 4164 conquam
793 4085 1026 4143 controversia.
1044 4084 1110 4141 late
1124 4082 1255 4139 demum
1266 4081 1394 4138 vicinus

328 4209 430 4256 novur
447 4191 601 4271 improbae
624 4192 696 4270 spei
712 4208 748 4250 eo
764 4191 913 4253 securior
933 4191 1021 4272 quod
1035 4190 1080 4250 M.
1105 4189 1233 4248 Tullius
1256 4187 1393 4260 abesset,
