3070 4950
425 395 576 446 ORATIO
598 393 679 445 PRO
701 395 739 444 M.
763 393 929 446 TULLlO.
956 394 984 445 11
1225 400 1241 450 7

170 516 325 604 mutilus,
348 513 519 608 suspicari
542 520 661 584 tamen
682 511 764 583 licet
790 511 883 582 idern
909 511 953 584 de
971 512 1170 601 interdicto,
1193 516 1237 590 de

170 655 238 726 quo
257 629 430 724 judicium
458 636 549 716 erat,
567 651 647 700 eum
671 626 777 721 plano
803 624 1013 700 affirmasse.
1043 630 1110 702 Hic
1134 653 1240 702 causa

170 745 268 818 nobis
287 755 450 840 perorata
474 742 569 816 haud
588 740 694 814 dubie
712 741 906 833 videretur,
933 744 961 814 si
984 749 1242 820 controversias

171 871 205 934 et
226 862 429 956 angustias,
451 858 573 955 quibus
592 863 713 929 noster
731 858 770 928 in
791 861 952 932 oratione
971 883 1033 954 pro
1047 861 1089 933 A.
1111 861 1241 938 (lecina

171 988 313 1050 versute
328 978 452 1066 utitur,
470 996 542 1046 non
557 976 634 1068 jam
659 999 855 1048 nossemus,
877 977 1011 1073 ltaque,
1029 1001 1097 1073 quo
1113 979 1242 1074 saepius

171 1101 314 1165 vocarat
337 1092 563 1164 adversarius
574 1144 583 1180 ,
610 1113 655 1161 ne
674 1092 756 1186 quid
774 1093 1050 1187 praetermissum
1068 1118 1133 1189 pro
1154 1118 1242 1166 con-

171 1232 268 1280 cesso
282 1216 488 1303 putaretur,
507 1207 626 1278 statim
641 1205 820 1279 veniebat.
843 1207 986 1279 Etenim
1003 1210 1043 1280 L.
1061 1207 1239 1297 QuintiuS,

172 1323 237 1396 etsi
255 1323 361 1395 semel
385 1331 487 1416 atque
503 1324 631 1394 iterum
657 1346 759 1418 aquo
777 1323 989 1417 impetrabat
1008 1334 1100 1397 esset
1120 1325 1243 1398 detru—

172 1463 244 1526 suS,
272 1441 385 1512 denuo
411 1437 611 1512 affirmabat
637 1438 748 1534 quaeri
771 1448 933 1533 oportere
957 1448 1076 1510 utrum
1090 1440 1173 1534 jure
1196 1463 1243 1514 an

170 1555 300 1648 injuria
318 1556 422 1626 occisi
437 1563 555 1626 essent
570 1557 607 1626 M
614 1610 621 1624 .
645 1552 755 1625 Tullii
774 1555 881 1624 serui.
903 1555 1014 1648 Ergo
1032 1564 1069 1627 ut
1087 1578 1239 1649 quaeres

167 1671 209 1772 ¹in
218 1671 388 1764 judicium
406 1672 570 1744 venirent
588 1668 772 1764 judicibus
787 1667 991 1742 manifestas
1009 1667 1176 1758 efficeret,
1198 1671 1242 1742 de

173 1787 219 1856 Vi
234 1796 267 1857 et
280 1787 324 1857 do
337 1787 423 1858 Dolo
439 1786 536 1864 Malo
550 1779 737 1859 interdicta
750 1785 943 1879 exponebat
957 1786 1238 1882 explicabatque3

173 1902 218 1971 ad
247 1901 343 1989 haec,
380 1924 425 1972 ne
455 1901 681 1974 adversarius
705 1901 743 1969 in
770 1900 953 1994 cujusdam
979 1899 1070 1994 legis
1097 1901 1242 1974 latebris

171 2017 215 2088 de
229 2017 295 2088 XII
311 2015 438 2088 tabulis
458 2017 690 2118 delitesceret,
709 2025 964 2090 sacrosanctam
980 2015 1167 2094 formulam
1178 2042 1243 2090 co-

171 2133 269 2227 piose
294 2132 605 2226 interpretabatur.
638 2133 725 2203 Haeo
754 2142 974 2214 autemnon
1000 2134 1113 2205 solum
1141 2157 1243 2205 sum*

172 2249 290 2336 inisse,
314 2247 375 2317 sed
404 2250 508 2320 etiarn
530 2248 682 2321 dilucide
702 2260 735 2321 et
756 2251 938 2322 enucleate
965 2248 1180 2336 disserebat3
1208 2258 1242 2320 ot

167 2365 251 2458 jure
266 2386 306 2434 ac
325 2364 447 2434 merito
465 2387 544 2434 cum
564 2364 788 2458 quibusdam¹
810 2365 894 2436 locis
911 2364 1010 2452 illius
1029 2388 1092 2457 pro
1112 2363 1241 2436 (lecina

172 2478 353 2566 orationis,
373 2502 477 2574 quam
499 2480 729 2573 singulariter
753 2482 847 2575 ipse²
865 2480 986 2552 Cicero
1004 2481 1176 2568 laudavit,
1201 2503 1243 2552 ea

173 2593 334 2666 conferre
343 2618 540 2688 possumus.
554 2597 659 2684 Nam,
674 2597 710 2667 in
725 2597 791 2669 hac
801 2597 896 2691 juris
910 2596 1058 2668 obscura
1069 2596 1242 2692 dubiaque
1300 2689 1302 2694 Ι

174 2713 308 2782 ratione
327 2711 413 2782 adeo
432 2710 542 2783 libero
560 2711 659 2799 fluit,
680 2721 719 2782 ut
743 2736 813 2782 non
831 2712 976 2783 irruisse
1002 2713 1039 2781 in
1057 2712 1242 2806 juriscon-

173 2828 344 2900 sultorum
361 2826 490 2914 locum,
513 2825 626 2897 sedin
642 2852 705 2899 suo
721 2809 799 2898 eum
819 2829 954 2898 versari
974 2827 1122 2898 diceres.
1139 2827 1242 2898 Hanc

173 2947 445 3040 disputationem
468 2945 561 3019 ultro
582 2946 760 3018 conclusio
783 2943 1017 3038 sequebatur,
1045 2965 1134 3038 qua,
1168 2941 1242 3013 sine

174 3062 403 3154 arrogantia,
437 3084 643 3133 asseverare
676 3060 709 3131 ei
734 3060 856 3130 liceret
884 3083 954 3130 non
987 3057 1088 3129 modo
1120 3080 1242 3130 servos

174 3179 224 3247 M.
244 3178 351 3248 Tullii
362 3179 446 3272 jure
460 3177 569 3248 occidi
585 3201 655 3248 non
674 3175 841 3270 potuisse,
859 3175 1039 3246 sedetiam
1053 3197 1098 3244 ne
1112 3182 1242 3246 tectum

174 3292 311 3386 quidem
321 3291 420 3392 illius·
431 3292 633 3362 disturbari.
647 3287 798 3384 Reliqua
813 3299 915 3362 erant
929 3290 997 3362 duo
1011 3301 1237 3384 argumenta,

174 3409 312 3502 quibus,
329 3409 405 3501 jam
417 3406 635 3494 deturbatus,
651 3429 736 3477 usus
750 3417 826 3478 erat
843 3409 881 3478 L.
900 3399 1075 3495 Quintius,
1094 3429 1241 3501 quaeque

173 3535 290 3596 tamen
311 3522 472 3596 refellere
492 3522 612 3594 Cicero
634 3524 824 3596 conabatur
843 3548 850 3592 ε
870 3546 1006 3610 verunt,
1034 3545 1080 3592 ne
1093 3522 1241 3615 jejunus

173 3665 216 3712 ac
232 3641 343 3711 siccus
359 3639 592 3734 judicaretur,
614 3664 684 3710 non
699 3640 856 3710 camdeni
875 3635 1053 3709 refutandi
1068 3637 1241 3709 rationem

173 3754 371 3828 adhibebat.
394 3756 509 3838 Quurn
531 3755 624 3827 enirn
640 3756 720 3842 istc,
743 3754 880 3826 sublato
908 3751 946 3822 G.
970 3751 1071 3822 Fabii
1090 3752 1242 3846 quodam

174 3896 291 3962 servo,
303 3873 385 3966 jure
399 3870 555 3944 sublatos
570 3893 645 3942 csse
661 3871 711 3941 M.
729 3869 836 3939 Tullii
856 3890 978 3938 servos
992 3867 1134 3950 diceret,
1152 3891 1241 3938 nos-

207 4165 215 4198 ¹
231 4155 298 4210 Vide
312 4159 447 4224 praecipue,
463 4175 486 4208 c.
503 4171 569 4208 xxxi
584 4161 609 4208 et
624 4173 646 4207 c.
663 4169 754 4214 xxxu,

205 4242 215 4276 ²
228 4244 330 4300 Orator,
346 4256 369 4289 c.
383 4251 459 4290 xxix.
