3044 4938
248 321 294 371 1⁰8
357 319 415 370 'DE
436 316 653 370 CICERONIS
674 315 914 376 ORATIONUM
935 317 1196 370 radobertus

245 436 353 525 tione,
368 435 556 508 amicitiam
570 433 630 506 vix
644 433 921 528 redintegratam
938 442 1139 529 rumperet3
1159 458 1316 506 »verum

245 553 282 624 in
296 552 518 626 enarratione
532 573 595 624 sua
609 549 686 622 haec
700 549 917 622 subobscura
932 552 981 622 ita
991 550 1195 646 explanavit
1208 551 1317 623 illus-

246 671 423 766 travitque
440 679 561 742 noster
573 670 628 740 vir
646 654 867 740 doctissimus
881 667 1069 742 Amedaeus
1088 669 1244 763 Peyron,
1265 669 1316 740 ita

246 787 478 881 excogitatam
487 809 564 860 esse
582 784 671 857 hanc
684 783 727 856 de
746 782 831 854 Gaio
850 782 997 854 Claudio
1012 784 1234 856 consulatum
1248 808 1316 878 pe-

245 915 340 980 tente
363 905 547 978 historiam
569 901 719 974 dilucide
741 900 1018 991 demonstravit3
1048 901 1096 972 ita
1114 924 1181 995 quo
1199 902 1317 972 animo

244 1020 282 1093 in
300 1021 451 1116 Appium
477 1017 661 1090 Claudium
680 1040 758 1090 esse
783 1015 903 1088 Cicero
923 1015 1068 1088 deberet
1087 1039 1132 1086 ex
1156 1015 1315 1110 ejusdem

244 1133 401 1232 epistolis
418 1131 596 1229 patefecit,
615 1142 654 1206 ut
668 1132 761 1204 hanc
774 1131 1050 1204 commenticiam
1065 1133 1317 1226 expositionem
1342 1211 1347 1220 ,

243 1251 422 1346 attingere
451 1250 601 1324 otiosum
630 1233 735 1344 atque
762 1249 935 1343 imprimis
967 1246 1198 1324 difficilimum
1225 1249 1314 1321 mihi

245 1389 323 1446 esse
341 1367 516 1440 videatur.
539 1365 638 1459 Ergo
657 1366 703 1436 sit
726 1365 809 1436 mihi
829 1366 916 1437 satis
943 1389 1085 1438 monere
1107 1365 1315 1438 Ciceronem

244 1503 288 1558 ex
311 1483 424 1556 solito
442 1483 537 1554 hunc
563 1481 677 1554 locum
695 1480 918 1569 concludere,
936 1488 975 1552 ut
1001 1480 1161 1574 judicum
1175 1479 1314 1552 animos

242 1607 373 1672 attente
399 1598 665 1692 audientesque
684 1596 794 1668 vellet
812 1595 941 1670 ducere
963 1605 1078 1692 posset
1099 1620 1141 1670 ac
1159 1597 1312 1669 flectere.

253 1771 261 1782 .
293 1715 434 1814 Haecde
445 1722 517 1787 toto
527 1712 756 1786 accusationis
772 1735 905 1805 genere
923 1723 1042 1786 orator
1057 1713 1311 1808 disputaverat,

244 1840 280 1908 et
293 1831 372 1924 jam
393 1828 639 1902 auctoritatem
658 1829 813 1917 testium,
836 1852 922 1923 quos
937 1853 998 1923 spe
1016 1830 1240 1924 praemiorum
1255 1829 1310 1902 af-

245 1926 415 2044 firmabat
427 1943 470 2015 de
484 1941 706 2014 tamaScauri
721 1944 885 2016 certatim
900 1942 1105 2033 detraxisse,
1122 1945 1315 2017 imminue-

247 2071 316 2150 rat,
335 2083 443 2156 quum
463 2059 508 2132 ad
527 2081 598 2148 eos,
626 2075 751 2155 nempe
776 2059 821 2132 ad
852 2059 1005 2133 alterum
1033 2071 1148 2156 caput,
1169 2071 1208 2134 ut
1241 2062 1316 2156 ipse

249 2176 347 2264 dicit,
361 2174 549 2258 transibat.
571 2175 604 2247 N
607 2197 651 2245 on
666 2172 751 2244 mihi
766 2176 1027 2247 enarrationem
1043 2199 1157 2249 meam
1167 2177 1317 2249 dilatare

245 2293 282 2362 iu
296 2279 413 2364 animo
429 2272 494 2380 est,
513 2281 739 2360 monstrando
758 2313 826 2384 quo
841 2291 946 2362 totius
966 2291 1140 2366 Sardiniae
1153 2291 1318 2364 testimo-

245 2409 342 2479 nium
373 2406 474 2478 modo
500 2415 623 2477 noster
649 2405 823 2496 elevaret3
849 2407 976 2478 etenim
994 2407 1060 2478 isto
1081 2418 1319 2501 argumenta<

245 2523 348 2595 tionis
374 2541 508 2615 genere
527 2520 656 2615 saepius
676 2529 728 2594 est
760 2521 902 2594 abusus.
925 2523 1060 2595 Verum
1089 2547 1157 2618 qua
1180 2526 1316 2598 ratione

247 2638 351 2711 fidem
371 2637 511 2709 testium
525 2635 628 2708 tollat
651 2639 846 2727 consensio,
869 2638 967 2710 tollat
987 2639 1172 2734 cupiditas,
1196 2664 1275 2736 quae
1295 2665 1318 2712 a

248 2754 416 2828 Cicerone
434 2753 517 2824 ficta
537 2775 615 2824 esse
627 2751 780 2843 ridetur,
801 2754 902 2826 tollat
921 2753 1068 2850 deniqne
1095 2756 1202 2846 natio,
1225 2760 1316 2830 scire

249 2872 368 2960 velim,
392 2871 490 2965 quasi
510 2895 579 2942 non
593 2893 638 2942 ex
658 2870 812 2960 indiciis,
830 2872 1077 2960 monumentis,
1097 2873 1240 2966 tabulis,
1252 2899 1319 2948 ve-

250 3011 328 3059 rum
346 3009 390 3057 ex
402 2984 584 3056 hominum
598 2985 747 3077 origine,
764 2995 871 3078 gente
881 2995 921 3064 ¹et
936 2987 1066 3060 vestitu
1081 2988 1319 3062 testimonium

250 3102 429 3198 penderet.
453 3098 545 3184 Quid
564 3102 656 3171 enirn
675 3100 720 3172 ad
739 3100 789 3171 M.
812 3100 937 3172 Scauri
956 3103 1319 3199 innocentianrperti-

252 3227 311 3290 net
335 3215 465 3287 Sardos
487 3238 508 3287 a
536 3215 671 3304 Poenis,
695 3213 918 3289 fallacissimo
938 3240 1083 3312 genere,
1102 3230 1195 3294 ortos
1215 3245 1316 3312 esse;

252 3331 451 3406 Sardiniam
470 3330 606 3404 nullam
629 3331 760 3405 habere
778 3335 924 3405 amicam
952 3335 1080 3430 populo
1105 3337 1262 3410 Romam
1277 3361 1319 3412 ac

250 3449 398 3521 liberam
418 3446 614 3528 civitatem;
630 3447 780 3518 Sardum
798 3446 948 3542 denique
966 3459 1091 3524 testem
1114 3455 1233 3525 nonin
1252 3479 1319 3550 po-

252 3564 327 3658 puli
347 3563 498 3636 Romani
520 3571 743 3656 conspectum
760 3586 799 3634 se
817 3567 1034 3638 committere
1047 3567 1190 3658 debere,
1211 3571 1320 3665 copiis

251 3680 389 3774 inopem
394 3687 518 3772 ,gente
526 3663 709 3749 fallacemt
722 3676 968 3773 Nequidquam
982 3682 1103 3755 Cicero
1119 3684 1274 3758 declarat
1284 3694 1319 3758 et

237 3794 298 3868 'ad
311 3794 448 3888 judices
467 3792 573 3885 justis
587 3794 740 3887 querelis
760 3793 954 3868 Sardorum
972 3809 1094 3893 patere
1108 3801 1267 3893 aditum3
1286 3814 1321 3876 et

252 3918 356 3984 antea
369 3907 553 3980 damnatos
564 3932 642 3981 esse
652 3910 822 4004 quosdam
840 3912 935 3984 cives
948 3914 1109 4008 inclytos,
1128 3941 1146 3983 n
1163 3918 1321 3990 nonnul-

252 4024 294 4094 lis
322 4019 429 4096 etiam
454 4023 678 4096 laudantibus
693 4025 838 4116 Sardis3
863 4052 881 4118 u
903 4037 993 4102 etse
1023 4030 1183 4104 devitiis
1203 4035 1321 4127 gentis

251 4138 421 4234 quosdam
447 4137 582 4210 incolas
612 4141 773 4234 excipere
805 4165 813 4212 ε
842 4142 1071 4219 nihilominus
1094 4157 1253 4242 apparet,
1276 4172 1320 4220 ex
