3044 4938
401 1411 566 1485 tinnulo
594 1411 650 1484 DE
679 1411 1046 1484 PROSCRIPTORUM
1080 1412 1259 1486 Lindius

756 1651 914 1660 —4-

348 1939 418 2009 Pro
438 1937 481 2011 L.
503 1938 638 2010 Othone
658 1938 912 2028 concionando,
934 1948 1066 2032 quanta
1087 1941 1140 2010 vis
1164 1941 1208 2010 sit
1227 1947 1366 2032 ornatae

301 2062 334 2124 et
350 2054 504 2125 incitatae
525 2053 693 2126 orationis
708 2055 799 2150 apud
817 2052 1088 2142 multitudinem,
1106 2054 1180 2126 sine
1200 2076 1269 2148 qua
1290 2054 1364 2125 elo-

301 2167 435 2267 quens1
462 2193 540 2242 esse
560 2194 662 2242 nemo
681 2171 801 2266 possit,
828 2170 949 2242 Cicero
972 2169 1279 2264 comprobaverat3
1301 2193 1367 2240 ve-

300 2306 379 2354 rum
395 2283 587 2355 oratorium
603 2309 741 2373 munus,
753 2285 859 2378 longe
871 2294 988 2356 autem
1001 2279 1259 2371 difficillimum,
1273 2285 1366 2378 apud

225 2433 229 2442 ⁴
301 2407 462 2469 senatum
479 2408 601 2471 contra
627 2399 757 2471 liberos
783 2398 1061 2493 proscriptorum
1088 2397 1237 2491 agendo,
1261 2397 1368 2492 paulo

300 2520 378 2608 post
391 2511 549 2608 perfecit.
566 2514 594 2584 li
608 2516 714 2605 enim,
732 2513 868 2610 quibus,
885 2523 923 2584 ut
939 2513 1242 2585 vehementissime
1253 2510 1370 2582 excla-

302 2639 375 2703 mat
391 2629 442 2700 M.
464 2629 628 2725 Lepidus,
649 2631 748 2726 prius
766 2631 901 2724 injuria
925 2655 1026 2727 quam
1046 2623 1141 2703 vita²
1159 2635 1255 2698 certa
1275 2636 1364 2714 erat,

303 2771 373 2818 non
392 2745 493 2818 modo
513 2745 670 2840 paternis
693 2742 794 2815 bonis
815 2754 912 2815 erant
931 2745 1086 2839 spoliati,
1114 2740 1175 2816 sed
1195 2740 1369 2811 honorum

303 2862 493 2953 consorti0,
517 2868 659 2956 propter
679 2859 795 2951 legem
819 2855 1067 2933 Cornelianum
1085 2861 1129 2932 de
1143 2859 1367 2953 ProscriptiS‚

306 2977 403 3074 quasi
425 2978 463 3047 in
489 2999 550 3047 sua
576 2974 717 3045 civitate
740 2972 918 3067 hospites,
948 2975 1216 3071 inperpetuum
1242 2972 1373 3068 privati

306 3100 421 3164 erant.
444 3089 542 3174 Quod
561 3112 663 3185 quum
680 3110 779 3181 aegre
796 3086 945 3178 ferrent,
963 3090 1216 3185 summoopere
1229 3096 1374 3160 conten-

307 3205 437 3278 debant
459 3214 496 3276 ut
520 3205 557 3275 in
577 3202 706 3274 civium
726 3225 872 3273 numero
896 3213 1023 3292 esseut,
1054 3214 1165 3298 utque
1193 3203 1308 3275 aditus
1330 3202 1375 3273 ed

306 3322 457 3394 honores
478 3319 545 3392 sibi
566 3317 796 3402 redderetur3
821 3325 855 3388 et
878 3328 1036 3407 senatus
1059 3318 1297 3392 misericordia
1316 3325 1375 3387 at-

309 3462 376 3534 que
394 3437 556 3533 aequitate
571 3443 774 3522 commotus,
797 3435 835 3504 in
854 3460 894 3507 eo
910 3446 986 3507 erat
1001 3444 1039 3506 ut
1058 3436 1102 3507 de
1118 3437 1161 3506 iis
1180 3434 1376 3507 restituen—

309 3555 361 3625 dis
374 3555 557 3646 cogitaret,
582 3575 688 3646 quum
702 3550 784 3620 huic
799 3551 944 3622 consilio
958 3551 1091 3623 obstitit
1105 3549 1230 3622 consul
1242 3549 1376 3621 offecit-

311 3693 389 3765 que.
404 3668 516 3752 Quam
530 3667 573 3739 ob
585 3689 726 3738 causam
741 3666 836 3738 atali
847 3668 980 3762 incepto
995 3677 1155 3741 senatum
1166 3666 1380 3740 deterruerit

312 3809 375 3858 nos
399 3786 434 3855 in
462 3785 618 3857 oratione
642 3785 701 3853 in³
724 3783 765 3851 L.
796 3781 1024 3878 Calpurnium
1044 3785 1208 3856 Pisonem
1227 3784 1276 3853 ita
1300 3781 1377 3873 ipse

342 4080 352 4114 ¹
368 4080 405 4128 De
420 4079 535 4138 Oratore,
551 4079 595 4131 lib.
611 4080 642 4139 11,
660 4095 682 4128 c.
698 4093 809 4130 nxxxrn.

342 4159 354 4194 ²
368 4159 483 4209 Sallustii
497 4160 666 4210 Historiarum
681 4162 832 4224 fragmenta,
849 4160 894 4210 lib.
908 4161 928 4220 1,
941 4160 972 4210 28
987 4161 1002 4209 t'.

284 4232 288 4239 ’
342 4237 398 4290 ³0.
413 4254 441 4289 n.
