3024 4944
258 437 508 488 FRAGMENTA
531 435 1129 494 ORATIONUMDEPERDITARUM
1188 447 1228 496 191
1295 513 1298 522 1

195 560 245 621 45.
271 562 291 617 i.
316 556 463 640 [annam
481 575 555 616 ocro
581 557 706 616 Triarii
729 559 800 633 fnit
823 559 984 635 iniqnitas
1007 563 1228 637 criminantis,

155 668 243 744 qnod
257 675 324 727 tam
334 667 549 742 mapnificam
564 665 697 724 domam
712 664 863 724 Scanrns
878 666 1029 726 liaberet!
1048 669 1232 744 Opriscnm

155 791 319 834 censorem
329 791 369 832 ac
380 789 540 841 severam,
553 789 612 847 per
626 789 721 848 qnem
735 789 777 830 ne
791 773 949 832 honorato
961 775 1094 851 qnidem
1104 775 1232 839 bomini

155 890 187 940 et
201 881 351 958 principi
371 882 468 940 liceat
487 878 606 938 babere
626 879 827 936 commodam
850 886 882 937 et
902 881 1038 955 plenam
1058 884 1231 960 dipnitatis

154 986 311 1069 domnm],
330 987 505 1064 pracsertim
524 1003 616 1062 quum
630 984 843 1062 propinquitas
857 992 887 1044 et
904 986 1144 1069 celebritasgloci
1159 1009 1231 1051 sus-

155 1093 306 1171 picionem
324 1093 450 1156 desidiae
464 1093 555 1153 tollat
567 1097 620 1152 aui
634 1091 823 1168 cupiditatis.
839 1091 1035 1172 (Asconius.)

179 1201 245 1262 45.
269 1202 299 1261 lt.
329 1199 448 1282 [Quam
471 1217 546 1280 vero
575 1201 754 1258 insolenter
778 1209 836 1258 tna
860 1217 893 1258 se
909 1201 1076 1274 jactabat,
1105 1205 1227 1272 Triari,

154 1311 273 1385 oratic,
284 1326 386 1385 qnam
399 1308 525 1366 diceres
537 1307 694 1366 annllei
706 1309 882 1366 marmoris
893 1308 1133 1383 colamnarnm‚
1147 1329 1229 1389 qnos

154 1419 191 1478 in
204 1419 290 1478 atrio
311 1415 437 1476 Sccnri
453 1414 630 1474 collocatas
644 1414 802 1484 vicenas,
816 1431 878 1490 per
897 1413 1012 1474 nrbem
1025 1426 1148 1494 proeter
1167 1422 1230 1494 fic—

155 1524 229 1583 tilia
239 1524 376 1583 deornm
389 1523 532 1598 sastipia
543 1523 578 1579 in
589 1523 759 1598 privatam
768 1522 901 1585 domam
914 1532 1020 1583 vectas
1033 1541 1100 1583 esse
1115 1534 1227 1585 tantas

154 1633 264 1707 moles,
285 1639 323 1690 nt
340 1631 502 1690 satisdari
523 1628 586 1688 sibi
605 1629 721 1688 damni
746 1631 864 1704 infecti
882 1633 1022 1707 coeperit
1041 1633 1229 1710 redemptor

154 1740 355 1814 cloacarum,
379 1755 479 1814 qnam
507 1739 543 1795 in
570 1738 743 1796 Palatium
764 1740 929 1813 planstris
953 1740 1227 1800 entraberentnr!

160 1845 315 1906 Videlicet
330 1844 500 1904 invidiosa
516 1846 585 1904 istac
599 1847 757 1904 colnmncc
778 1844 824 1903 ad
841 1848 1007 1920 privatam
1023 1847 1223 1924 snperbiam,
1247 1855 1250 1862 ’

153 1971 252 2030 qnam
275 1953 421 2031 popnlns
444 1954 610 2012 Romanas
636 1953 717 2028 odit,
744 1953 887 2013 advectos
908 1963 1000 2025 sarit,
1029 1971 1068 2013 ac
1092 1972 1159 2012 non
1182 1955 1227 2013 ad

149 2063 318 2138 publicam
331 2063 617 2138 mapnificentiam
627 2077 727 2136 qnam
740 2060 864 2136 ‹lilipit
882 2059 929 2117 At
940 2068 976 2118 tn
985 2063 1074 2118 solas
1089 2063 1224 2136 ipnoras

152 2185 249 2228 nsnm
268 2170 310 2226 iis
331 2169 500 2228 Scanrnm
520 2177 619 2227 antea
634 2169 738 2244 [nisse
752 2167 932 2227 aedilem-in
949 2175 1070 2227 ornata
1089 2169 1222 2237 theatri,

152 2282 191 2334 nt
202 2292 265 2351 pro
280 2277 428 2334 tanneris
443 2275 665 2351 amplitndine
679 2282 709 2332 et
725 2275 924 2333 liberalitate
943 2293 1006 2333 sna
1026 2277 1062 2332 in
1086 2274 1224 2333 deornm

152 2382 389 2442 immortalium
398 2382 553 2442 bonorem
568 2383 761 2458 relipionem
777 2382 933 2441 indornm
943 2390 1131 2459 apparatas
1148 2381 1223 2442 lan-

153 2491 228 2550 titia
241 2491 466 2572 cnpnsticrem
479 2486 661 2570 redderet]

191 2595 241 2658 45.
266 2600 288 2656 l.
309 2598 374 2674 Ego
389 2613 491 2673 porro,
513 2596 565 2672 qui
578 2596 715 2656 Albanas
731 2596 827 2656 habeo
843 2597 1012 2673 columnas,
1029 2596 1156 2656 clitellis
1171 2613 1223 2657 aas

151 2704 319 2781 asportavi.
336 2702 570 2783 (Quintilianus,
587 2702 641 2762 lib.
660 2705 701 2778 V,
716 2721 743 2762 c.
758 2701 843 2780 x111.)
1107 2701 1110 2707 ’

190 2810 243 2872 45.
264 2827 307 2870 m.
332 2807 452 2891 [Occidi
471 2816 508 2868 tn
527 2811 606 2886 ipse,
629 2809 752 2886 Triari,
778 2827 869 2886 qnos,
894 2816 1034 2886 qnantos
1058 2827 1223 2888 qnamqne

149 2925 308 2996 profusos
327 2925 480 2994 sumptas
503 2918 540 2975 in
566 2918 728 2977 colomnis
748 2919 859 2992 fecisti
867 2913 899 2997 l]
929 2918 994 2975 Hoc
1022 2917 1119 2976 miror
1140 2917 1222 2978 enim

150 3043 333 3104 querorque,
350 3042 533 3102 quemquam
547 2997 700 3084 hominem
714 3025 758 3084 ita
767 3026 966 3101 pessumdare
976 3025 1221 3086 alterumverbis

151 3136 243 3213 velle,
266 3141 301 3195 ut
313 3135 405 3194 stiam
421 3151 531 3194 navem
545 3133 681 3211 perforet
695 3135 727 3193 in
743 3151 802 3211 qua
818 3134 884 3211 ipse
899 3135 1025 3212 naviget
1039 3135 1062 3194 ¹.
1083 3133 1220 3217 (Quinti-

150 3243 263 3312 lianus,
283 3242 337 3301 lib.
359 3243 446 3319 VIII,
463 3260 489 3301 c.
506 3239 567 3319 vr.)

192 3350 240 3410 45.
263 3368 297 3410 n.
321 3351 435 3409 Domus
450 3348 507 3408 tibi
522 3349 647 3408 deerat?
661 3350 699 3408 At
714 3349 857 3409 habebas.
885 3350 1022 3410 Pecunia
1038 3349 1220 3426 superabat?

152 3459 194 3517 At
209 3459 322 3532 egebas
337 3455 360 3516 ².
378 3455 542 3514 Incurristi
563 3473 667 3514 amens
684 3456 713 3514 in
730 3457 904 3533 columnas,
924 3458 954 3515 in
971 3457 1079 3515 alienis
1094 3457 1219 3514 insanus

150 3568 308 3644 insanisti;
333 3567 520 3644 depressam,
543 3583 667 3642 caecam,
684 3570 839 3643 jacentem
863 3567 985 3626 domum
1007 3566 1106 3643 pluris
1129 3583 1219 3643 quam

150 3681 191 3744 te,
204 3691 295 3750 quam
308 3673 447 3734 fortunas
461 3678 531 3732 tuas
545 3673 700 3733 aestimati.
723 3673 858 3753 (Cicero,
875 3675 997 3742 Orator,
1015 3692 1042 3732 c.
1058 3689 1155 3732 nxvn.
1182 3705 1219 3716 -

151 3780 372 3858 Quintilianus,
388 3781 443 3841 lib.
467 3782 525 3856 lX,
543 3799 570 3840 c.
588 3797 621 3840 11.
645 3813 683 3826 -
703 3781 827 3856 Aquila,
845 3799 875 3857 p.
891 3779 953 3858 22).
972 3778 1073 3861 [Onid
1097 3782 1220 3855 ipitnr?

149 3891 178 3949 si
189 3896 218 3948 te
229 3889 376 3949 Scanrns
386 3889 551 3948 arbitram
561 3889 732 3964 adepisset,
742 3889 780 3946 ni
789 3889 890 3946 malta
903 3888 1046 3962 majores
1056 3894 1216 3966 sumptas,

178 4181 184 4214 t
202 4176 253 4218 Non
264 4176 318 4220 dicit
334 4177 468 4221 nominatim
485 4177 646 4232 Quintilianus
657 4176 701 4221 hoc
712 4177 869 4232 fragmentum
881 4189 932 4222 esse
944 4176 1059 4222 orationis
1071 4188 1113 4233 pro
1122 4177 1216 4220 Scauro.

148 4252 185 4306 (G.
201 4249 324 4302 Baiterus).

176 4318 186 4353 ²
203 4319 258 4365 Hoec
267 4322 371 4366 tantum:
384 4325 473 4368 Domus
483 4343 495 4356 ·
510 4343 520 4354 ·
531 4323 622 4379 opelos,
633 4333 679 4367 non
688 4326 766 4368 autem
778 4321 921 4373 nominatim,
935 4322 1038 4366 servavit
1050 4321 1216 4377 Quintilianus,
