3024 4944
231 341 483 394 FRAGMENTA
505 345 746 396 ORATIONUM
768 345 1094 398 bursamusnull
1152 349 1198 398 187

130 469 309 539 pervagata.
324 466 430 541 Neque
444 465 453 500 ¹
470 481 544 524 vcro
558 470 622 524 tam
641 463 707 524 haec
721 456 788 541 ipsu
800 464 978 541 quotidiana
991 469 1042 524 res
1062 467 1196 544 Appium

130 569 290 630 Claudium
307 571 362 634 illa
380 571 570 632 humanitate
590 577 621 631 et
647 571 798 648 sapientia
817 571 982 649 praeditum
1000 589 1056 650 per
1077 589 1111 656 ae
1131 572 1199 648 ipsa

130 677 290 756 movisset,
311 680 372 740 nisi
386 680 466 740 hunc
486 682 521 742 G.
537 679 669 750 Claudii,
686 679 794 741 fratris
810 681 870 751 sui,
888 681 1119 760 competitorem
1133 680 1200 740 lere

131 791 281 861 putasset.
1089 787 1094 796 '

164 890 220 953 '34
245 893 315 971 Qui,
334 894 402 955 sive
415 893 427 932 ²
442 895 590 973 patricius
612 895 680 955 sive
698 894 838 972 plebeius
858 900 941 956 esset
958 893 1105 974 (nondum
1119 897 1199 958 enim
1283 909 1291 918 “

130 1006 249 1060 certum
263 1001 492 1081 constituerat),
505 1022 575 1062 cum
588 1004 646 1063 hoc
659 1001 719 1062 sibi
733 1002 958 1063 contentionem
971 1001 1037 1063 lore
1053 1004 1197 1080 putabat3

132 1108 250 1185 Appius
262 1115 364 1170 autem
387 1111 445 1169 hec
466 1111 613 1186 majorem
632 1108 735 1184 etiam,
759 1111 838 1185 quod
856 1109 992 1171 illumin
1006 1109 1200 1187 pontificatus

130 1216 287 1295 petitione,
310 1220 343 1279 in
363 1220 486 1296 saliatu,
506 1218 539 1279 in
565 1218 676 1282 ceteris
700 1218 882 1278 meminerat
904 1218 999 1280 fuisse
1021 1218 1196 1296 patricium.

131 1321 230 1391 Quam
244 1325 282 1383 ob
296 1341 362 1384 rem
377 1341 410 1384 se
425 1325 551 1386 consule
564 1341 662 1400 neque
676 1323 786 1400 repelli
795 1323 924 1383 fratrem
938 1324 1073 1393 volebat,
1088 1341 1196 1401 neque,

131 1427 160 1486 ei
173 1429 321 1505 patricius
336 1437 429 1502 esset,
446 1450 552 1509 parem
565 1431 680 1491 Scauro
694 1429 761 1490 fore
774 1430 909 1500 videbat,
926 1429 988 1490 nisi
1002 1431 1083 1490 hune
1096 1431 1199 1507 aliquo

131 1539 184 1595 aut
198 1542 282 1597 metu
295 1543 349 1596 aut
362 1536 488 1598 infamia
501 1538 694 1616 perculisset.

171 1631 222 1704 35.
244 1645 312 1720 bigo
333 1645 366 1704 id
383 1644 476 1706 fratri
493 1646 525 1705 in
544 1647 660 1707 honore
672 1643 780 1705 fratris
800 1643 989 1722 amplissimo
1009 1661 1070 1703 non
1089 1661 1198 1707 conce·

131 1749 262 1810 dendum
284 1757 399 1827 putem,
416 1753 592 1830 praesertim
618 1752 682 1830 qui,
703 1752 776 1829 quid
800 1769 886 1812 amor
906 1750 1064 1813 fraternus
1082 1753 1197 1831 valeat,

132 1875 217 1932 paene
232 1860 631 1934 praeterceterossentiaml
640 1891 681 1904 -
695 1860 740 1919 At
754 1858 835 1918 enim
848 1858 945 1920 irater
954 1862 1021 1939 jam
1035 1879 1095 1920 non
1109 1862 1197 1939 petit.

132 1964 270 2035 -Quid
296 1966 380 2026 tum!
407 1967 442 2028 Si
461 1966 514 2027 ille
533 1963 671 2028 retentus
693 1984 711 2027 a
734 1973 844 2028 cuncta
866 1967 944 2028 Asia
963 1967 1112 2045 supplice,
1135 1967 1199 2028 sia

133 2072 387 2151 negotiatoribus,
413 2073 439 2134 si
459 2092 476 2134 a
495 2073 680 2152 publicanis,
702 2074 729 2134 si
749 2077 787 2134 ab
807 2074 948 2134 omnibus
971 2075 1063 2134 sociis
1080 2075 1200 2136 civibus

131 2186 278 2242 exoratus
287 2181 460 2258 anteposuit
467 2181 576 2241 honori
585 2199 641 2242 suo
650 2182 807 2242 commoda
818 2182 1008 2257 salutemque
1018 2181 1199 2258 provinciae,

131 2293 295 2367 propterea
307 2295 398 2367 putas
406 2287 501 2350 semel
515 2289 726 2350 exulceratum
739 2287 875 2350 animum
886 2293 949 2348 tam
962 2285 1053 2348 facile
1066 2279 1202 2366 potuisse

133 2395 259 2458 sanari'l

171 2502 222 2564 36.
250 2503 431 2580 Quanquam
459 2501 494 2564 in
520 2503 591 2563 istis
618 2501 760 2564 omnibus
787 2504 892 2572 rebus,
918 2502 1093 2580 prasertim
1120 2503 1200 2581 apud

132 2603 270 2670 homines
284 2611 443 2689 barbaros,
460 2610 562 2689 opinio
581 2611 651 2688 plus
664 2611 749 2672 valet
763 2630 844 2690 saepe
860 2627 950 2688 quam
962 2628 1014 2671 res
1025 2611 1104 2688 ipsa.
1120 2611 1202 2670 Per-

132 2729 257 2778 suasum
270 2723 317 2777 eat
329 2716 438 2778 Sardis
453 2735 485 2777 se
499 2716 599 2778 nihil³
614 2717 713 2795 Appio
728 2718 848 2795 gratius
862 2737 931 2779 esse
946 2719 1093 2794 facturos,
1109 2735 1202 2794 quam

133 2825 160 2886 si
174 2824 212 2886 de
230 2824 341 2886 Scauri
358 2825 439 2885 lama
453 2824 660 2902 delraxerint3
678 2823 871 2884 multorum⁴
889 2823 982 2883 etiam
1000 2841 1054 2901 spe
1068 2841 1201 2884 comme·

132 2933 241 2992 dorum
253 2930 686 3011 praemiorumqueducuntur3
698 2929 799 2990 omnia
808 2931 964 2992 consulem
978 2936 1088 3008 putant
1100 2949 1212 3018 posse,⁸

131 3040 307 3118 praesertim
320 3042 405 3101 ultro
418 3039 624 3118 pollicentem.
641 3041 685 3098 De
700 3057 758 3115 quo
772 3039 863 3116 plura
872 3042 939 3117 jam
952 3057 1013 3099 non
1025 3039 1135 3099 dicum.

171 3148 223 3208 37.
247 3149 427 3224 Quanquam
449 3163 566 3222 eaquae
587 3146 653 3206 dixi
679 3163 738 3204 non
758 3163 847 3205 secus
867 3145 942 3216 dixi,
968 3163 1058 3221 quam
1083 3146 1110 3206 si
1133 3149 1202 3225 ejus

132 3253 231 3315 frater
243 3271 353 3325 essem,
363 3271 423 3312 non
437 3253 465 3313 is
478 3253 571 3330 quiet
583 3259 631 3314 est
646 3253 737 3330 etqui
752 3254 848 3313 multa
861 3252 955 3336 dixit,
968 3253 1022 3312 sed
1036 3254 1064 3313 is
1079 3254 1130 3329 qui
1144 3271 1201 3329 ego

132 3379 200 3422 esse
214 3360 246 3420 in
260 3379 361 3421 meum
373 3359 530 3421 consuevi.
548 3361 663 3422 Generi
676 3360 774 3440 igitur
786 3361 881 3420 tetius
892 3359 1095 3420 accusationis
1105 3359 1203 3418 resis-

132 3475 209 3548 tere,
221 3469 354 3550 judices,
369 3468 498 3539 debetis,
512 3468 546 3528 in
555 3487 615 3544 quo
626 3468 705 3528 nihil
718 3485 814 3545 more,
831 3467 909 3526 nihil
923 3468 1023 3545 modo,
1039 3465 1118 3526 nihil
1129 3485 1202 3526 con·

132 3576 276 3656 siderate,
299 3576 377 3636 nihil
395 3577 531 3652 integre,
553 3579 659 3635 eontra
677 3574 825 3651 improbe,
846 3573 980 3644 turbide,
1002 3572 1198 3642 festinanter,

132 3685 238 3762 rapide
256 3683 367 3754 omnia,
390 3682 626 3761 conspiratione,
647 3682 788 3761 imperio,
809 3683 1003 3758 auctoritate,
1023 3701 1088 3760 spe,
1106 3683 1199 3742 minis

129 3791 247 3853 uidetis
260 3809 328 3852 esse
340 3798 491 3870 suscepta.

164 4009 172 4044 ¹
186 4009 253 4054 Haeo:
268 4009 353 4064 Neque
361 4022 420 4054 uero
430 4031 442 4042 ·
455 4031 466 4044 ·
476 4011 530 4064 sore
536 4011 647 4064 putebat.
660 4011 709 4059 ulli
722 4007 792 4054 habet
801 4007 922 4056 Asconius.

160 4081 171 4118 Ξ
186 4081 253 4125 Haee:
270 4081 315 4130 Qui
324 4083 377 4126 aius
384 4083 507 4135 petricius
516 4084 569 4126 siue
575 4083 683 4136 plebeius
693 4081 762 4125 hahet
773 4080 861 4124 scholis
873 4081 1004 4125 Boblensia.

161 4153 173 4189 ³
187 4153 257 4198 llaec:
273 4155 338 4196 nibil
346 4177 358 4186 -
369 4178 381 4187 -
390 4155 547 4197 detraxerint
559 4152 628 4198 babet
638 4155 768 4198 Arusianus
777 4165 799 4208 p.
811 4154 859 4198 224.
871 4153 936 4197 Lind.
948 4158 975 4200 Α.
984 4153 1039 4199 Mul.

162 4230 172 4264 l
188 4225 254 4268 Hoec:
269 4227 404 4270 multorum
415 4248 425 4258 -
438 4247 449 4258 -
459 4226 601 4279 Scipionum
611 4228 657 4272 lut.
672 4228 721 4276 sl'o
734 4225 803 4270 babet
812 4225 876 4270 solus
886 4225 959 4270 codex
969 4223 1143 4268 Ambrosianus.

1076 4323 1106 4372 13
