3024 4944
279 299 326 350 156
379 295 628 350 FRAGMENTA
651 294 896 346 ORATIONUM
919 295 1243 347 curuantrsnuu

276 435 310 476 se
328 417 462 478 ostendit
479 385 557 485 esse,
580 432 672 491 quum
691 415 789 491 legem
810 415 978 484 Aureliam,
1001 432 1094 490 quum
1118 415 1260 474 Rosciam
1286 432 1349 472 nou

276 524 364 584 modo
378 523 507 601 accepit,
525 521 578 582 aed
592 522 685 582 etiam
701 520 895 598 efflagitavit.
910 521 971 601 (Ex
986 523 1033 582 ed.
1052 520 1124 599 Or.)
1223 557 1227 564 ·

215 624 222 632 ’
313 632 364 690 36.
388 631 538 690 Memoria
551 635 650 704 teneo,
672 646 764 704 quum
783 628 915 704 primum
936 635 1092 688 senatores
1107 647 1175 688 cum
1189 628 1348 704 equitibus

274 739 408 797 romanis
422 738 490 814 lege
504 737 604 797 Plotia
614 734 801 813 judicarent,
813 734 965 794 bominem
979 735 1039 794 diis
1049 753 1085 806 ac
1101 736 1253 794 nobilitati
1269 753 1349 812 per-

273 845 419 911 invisum
446 845 501 903 (in.
526 842 726 919 Pompeium,
750 859 873 901 causam
901 842 968 918 lege
995 842 1091 903 Varia
1118 845 1155 902 de
1183 846 1349 920 majestate

273 947 401 1008 dixisse.
416 946 477 1025 (Ex
492 948 542 1006 ed.
560 944 632 1024 Or.)

700 1185 926 1196 ——-—·——-————-

307 1358 356 1418 37.
380 1359 468 1420 Nihil
484 1357 601 1418 senatui
619 1357 792 1418 detraxisse
811 1357 996 1418 Cornelium.
1009 1357 1205 1436 (Arusianus,
1217 1377 1248 1435 p.
1263 1357 1343 1432 224,

271 1467 380 1547 Lind.)

310 1576 359 1635 38.
384 1575 526 1637 Godicem
540 1573 656 1651 attigit.
672 1572 906 1652 (Quintilianus,
921 1573 977 1634 lib.
995 1573 1035 1650 V,
1052 1591 1079 1630 c.
1093 1569 1181 1652 x111.)

307 1682 357 1742 39.
382 1684 457 1754 Quae
471 1681 648 1742 intermissa
665 1681 837 1758 complures
851 1698 958 1740 annos.
973 1679 1178 1758 (Priscianus,
1196 1677 1250 1737 lib.
1264 1679 1339 1752 VII,

270 1807 296 1846 c.
322 1788 416 1867 xv11).
835 1848 844 1870 (f

306 1895 355 1956 40.
381 1894 541 1956 Refectum
559 1895 747 1972 (cerarium)
769 1892 942 1953 tribuniciis
962 1892 1094 1971 legibus,
1115 1893 1299 1952 exhaustum
1323 1910 1345 1951 a

266 2002 376 2078 quibus
392 2002 434 2062 sit
447 2003 508 2079 ipsi
524 2002 635 2062 sciunt.
648 2001 786 2080 (Aquila,
804 2019 830 2060 c.
846 1999 929 2078 nvi).

306 2109 355 2169 41.
380 2110 438 2180 Qui
463 2110 639 2187 eloquentia
663 2108 774 2168 ceteris
798 2106 964 2170 antecellit.
986 2105 1192 2186 (Priscianus,
1215 2106 1269 2166 lib.
1291 2108 1338 2178 X,

265 2236 292 2280 c.
317 2214 379 2295 vi.)

303 2323 353 2382 42.
379 2323 439 2380 Sed
460 2323 499 2381 ad
518 2324 634 2383 Urbem
656 2323 775 2383 dierum
797 2321 890 2402 tuerit
909 2321 970 2383 iter
993 2321 1207 2398 complurium.
1234 2319 1338 2399 (Aru-

265 2427 381 2503 sianus,
400 2448 429 2506 p.
445 2429 517 2498 215.
534 2426 639 2509 Lind.)

304 2535 352 2594 43.
377 2534 456 2604 Quid
472 2535 571 2596 enimt
590 2537 667 2596 Mihi
684 2543 839 2596 certamen
852 2542 902 2597 est
917 2554 985 2596 cum
1000 2542 1177 2596 accusatore
1191 2542 1244 2596 aut
1264 2555 1338 2596 con·

264 2640 501 2720 tentiottldem,
520 2660 550 2718 p.
565 2642 636 2711 218,
652 2641 760 2722 Lind.)

301 2749 352 2808 44.
376 2748 463 2808 Demi
471 2747 589 2806 medin
599 2747 690 2807 fidius
703 2749 740 2807 de
751 2748 798 2807 his
813 2749 1001 2808 ornamentis
1011 2748 1200 2827 aliquantum
1211 2749 1327 2811 malim.

262 2847 371 2930 (Idem,
388 2874 418 2931 p.
435 2854 506 2930 226,
520 2849 625 2931 Lind.)

303 2960 352 3018 45.
376 2960 438 3018 Das
452 2960 533 3019 enim
551 2959 624 3018 mihi
641 2959 818 3049 facultatem
839 2979 901 3037 eos,
928 2961 980 3038 qui
1002 2967 1067 3023 tum
1081 2961 1236 3022 adfuerint
1253 2963 1333 3022 Gor-

264 3067 354 3142 nciio,
373 3067 558 3126 nominandi.
576 3066 684 3146 (Idem,
702 3087 731 3146 p.
748 3069 819 3137 213,
835 3066 952 3146 Lind.).
1351 3053 1360 3060 ⁰

303 3175 353 3235 46.
376 3176 493 3246 Facite,
508 3182 542 3235 ut
555 3176 668 3245 facitis,
691 3176 742 3252 qui
755 3177 792 3235 ad
803 3194 926 3235 eausam
935 3177 1060 3236 adestis.
1072 3174 1181 3254 (Idem,
1192 3177 1333 3257 ibidem.)

303 3282 352 3342 47.
377 3284 440 3344 Gur
460 3300 540 3342 nnnc
560 3283 699 3354 redeant.
715 3284 742 3343 si
761 3289 834 3344 tunc
854 3285 961 3360 gratiae
983 3285 1200 3346 concesserint.
1216 3283 1327 3364 (Idem,

264 3407 292 3466 p.
310 3387 380 3459 220,
397 3387 503 3468 Lind.)
984 3463 987 3468 Ι

303 3497 352 3556 48.
378 3496 470 3572 Quid,
487 3497 619 3573 quodne
636 3514 705 3555 cum
724 3496 763 3556 iis
778 3497 899 3572 quidem
918 3499 1065 3575 expertus
1086 3516 1131 3571 cs,
1147 3516 1222 3574 quos
1237 3498 1331 3558 duces

263 3619 424 3679 operarum
436 3603 531 3662 fuisse
546 3603 664 3663 dixisti.
682 3601 790 3683 (Idem,
807 3622 837 3680 p.
853 3603 923 3673 226,
941 3600 1049 3684 Lind.)

302 3710 353 3769 49.
377 3711 536 3789 Ejusmodi
557 3710 632 3769 mihi
657 3710 732 3770 duos
752 3711 874 3786 laqueos
895 3710 926 3770 in
949 3729 1040 3771 causa
1061 3729 1130 3771 esse
1143 3711 1328 3790 propositos,

262 3821 306 3891 ut,
330 3817 356 3876 si
384 3834 432 3876 mc
452 3817 548 3877 altero
572 3816 775 3894 expedissem,
799 3823 922 3877 tenerer
940 3818 1048 3880 altero.
1069 3817 1178 3900 (idem,
1200 3838 1230 3896 p.
1253 3818 1325 3898 228,

261 3920 379 4001 Lind.).

300 4029 351 4089 50.
374 4029 505 4105 Aperuit
517 4030 600 4091 fores
620 4031 781 4091 scalarum.
799 4027 894 4109 (A'cro
913 4030 951 4090 ad
966 4032 1043 4091 Hor.
1057 4049 1148 4092 serm.
1164 4032 1188 4093 l.
1204 4031 1246 4108 II,
1262 4030 1329 4114 67.)

301 4137 349 4196 51.
375 4137 534 4213 Correpsit
548 4137 578 4195 in
595 4138 705 4200 scalas.
723 4135 842 4215 (Schol.
855 4142 918 4196 vet.
935 4137 966 4197 in
981 4139 1125 4203 Juvenal,
1141 4140 1172 4212 7,
1190 4135 1275 4216 118.)
