3024 4944
268 379 313 430 160
370 380 882 468 FRAGMENTA'ORATIONUM
905 379 1234 432 nuruuutunuttnt

268 499 358 559 valde
370 499 402 558 in
417 500 474 559 hoc
486 501 662 580 largitionis
675 506 794 579 quaestu
808 499 873 560 noti
883 504 914 558 at
924 499 1168 578 coguitidomum
1175 501 1337 563 Catilinam

267 618 297 672 et
309 612 477 674 Antonium
492 629 561 670 cum
570 610 781 688 sequestribus
796 608 861 668 suis
877 609 1059 669 convenisse
1073 609 1096 668 ¹.

306 722 335 781 2.
361 721 458 793 Quem
481 717 562 777 anim
586 721 639 775 aut
658 715 789 774 amicum
808 711 921 774 habere
935 719 1036 792 potest
1057 714 1096 791 is,
1114 717 1166 792 qui
1189 723 1235 777 tot
1254 717 1338 780 cives

267 827 435 888 trucidavit
452 829 505 886 aut
520 825 673 894 clientem,
691 823 786 899 quiin
801 841 856 883 sua
875 822 1000 882 civitate
1020 841 1089 882 cum
1103 825 1268 902 peregrino
1284 845 1339 887 ne-

267 935 353 1013 gavit
368 953 400 994 sa
410 933 528 1013 judicio
544 951 631 1009 aequo
641 937 762 992 certare
775 932 886 1009 posset

306 1043 335 1102 3.
360 1043 425 1102 Nec
440 1043 545 1118 sejam
558 1045 623 1100 tum
632 1039 780 1117 respexit,
797 1056 890 1115 quum
901 1038 1096 1116 gravissimis
1108 1039 1222 1100 vestris
1232 1041 1340 1102 decre·
1372 1091 1379 1103 .

267 1149 308 1210 tis
323 1151 433 1216 absens
449 1153 571 1207 notatus
590 1153 648 1206 ast.
945 1219 947 1226 Ι

309 1258 338 1318 l.
362 1259 396 1316 ln
409 1255 536 1334 judiciis
550 1258 661 1332 quauta
681 1253 730 1314 vis
744 1257 824 1313 esset
839 1252 957 1336 didicit,
976 1273 1068 1331 quum
1091 1259 1138 1315 ast
1152 1257 1311 1317 absolutus
1328 1281 1336 1319 ε

270 1365 297 1424 si
311 1370 365 1424 aut
377 1364 453 1422 illud
465 1363 618 1466 judicium
633 1367 684 1421 aut
699 1362 754 1421 illa
770 1361 922 1421 absolutio
937 1363 1120 1422 nominanda
1134 1369 1192 1422 est.

308 1474 338 1534 5.
363 1471 514 1549 Populum
535 1488 621 1547 vero,
639 1487 731 1545 quum
746 1469 936 1545 inspectante
949 1467 960 1503 ²
975 1471 1086 1546 populo
1102 1471 1216 1531 collum
1239 1472 1340 1532 secuit

270 1579 401 1640 hominis
415 1577 548 1638 maxime
561 1575 732 1654 popularis,
749 1575 855 1651 quanti
869 1575 985 1636 faceret
999 1577 1142 1638 ostendit.

309 1687 339 1748 6.
362 1687 487 1763 Meque
507 1684 640 1744 amentia
658 1682 800 1742 inductus
819 1683 860 1742 sit
878 1687 912 1741 ut
926 1688 1135 1745 contemneret
1149 1687 1339 1748 constituere

271 1813 330 1854 non
345 1810 480 1870 possum.
504 1793 616 1854 Utrum
637 1805 723 1866 aequo
747 1789 847 1849 auimo
870 1790 1006 1850 laturum
1020 1778 1162 1867 putavit?
1181 1794 1224 1852 nt
1237 1792 1269 1852 in
1285 1811 1341 1854 suo

265 1897 512 1984 familiarissimo
531 1896 652 1958 viderat
673 1915 722 1957 me
736 1915 774 1956 ne
788 1895 920 1957 aliorum
934 1896 1056 1973 quidem
1069 1898 1201 1974 injurias
1221 1898 1341 1958 medio·

271 2008 367 2070 criter
383 2023 472 2085 posse
484 2007 577 2066 farre.

311 2119 340 2178 7.
365 2116 464 2192 Alter,
485 2131 595 2192 pecore
620 2114 701 2173 omni
724 2113 849 2174 vendito
871 2118 902 2172 et
926 2111 1055 2174 saltibus
1075 2132 1169 2192 propa
1191 2113 1340 2190 addictis,

271 2228 411 2302 pasturas
430 2223 554 2298 retinet,
576 2221 743 2296 exquibus
766 2220 810 2280 ait
830 2237 874 2297 se,
904 2239 996 2297 quum
1016 2220 1106 2296 velit,
1133 2220 1339 2298 fugitivorum

272 2333 387 2394 bellum
401 2331 613 2390 excitaturum.
1365 2401 1368 2404 Ι

312 2440 342 2500 8.
365 2438 456 2500 Alter
474 2435 596 2496 induxit
617 2454 698 2507 eum,
721 2453 810 2512 quem
830 2435 939 2512 potuit,
963 2442 998 2498 ut
1011 2441 1137 2514 repente
1151 2435 1341 2514 gladiatores

271 2547 384 2625 populo
407 2564 466 2605 non
492 2545 611 2604 debitos
634 2544 854 2621 polliceretur3
874 2561 926 2602 eos
948 2542 1016 2620 ipse
1038 2543 1209 2603 consularis
1232 2543 1342 2604 candi-

225 2637 227 2646 ¹
273 2655 361 2714 datus
376 2651 534 2731 perspexit
547 2657 578 2710 et
591 2650 668 2728 legit
681 2656 711 2710 et
725 2650 817 2728 amit3
834 2655 986 2729 praesente
999 2649 1111 2728 populo
1131 2667 1257 2709 romano
1271 2649 1341 2710 iac·

273 2766 338 2823 tum
352 2768 409 2822 est.
1235 2757 1239 2763 ’

312 2868 343 2928 9.
365 2865 584 2946 [Quamobrem
595 2872 705 2944 augete
718 2866 809 2927 etiam
823 2865 836 2902 ⁸
849 2865 1032 2934 mercedem,
1048 2864 1074 2924 si
1088 2863 1198 2938 vultis,
1214 2864 1251 2933 Q.
1268 2865 1340 2924 Mu·

272 2975 327 3036 cii!
344 2976 532 3036 Perseverat
549 2977 649 3051 legam
663 2975 811 3052 impedire
834 2980 868 3034 ut
887 2973 979 3052 coepit
1002 2976 1126 3032 senatus
1149 2972 1338 3048 consultum3

272 3075 343 3159 ego]
358 3096 393 3138 ea
407 3078 476 3155 lege
490 3083 649 3139 contentus
665 3096 744 3148 sum,
768 3096 828 3157 qua
841 3078 917 3137 duos
932 3079 1073 3138 consulas
1088 3078 1265 3155 designatos
1279 3095 1341 3138 uno

272 3192 409 3262 tempore
423 3185 562 3245 damnari
577 3185 723 3247 vidimus.

314 3291 363 3352 10.
385 3293 428 3352 Te
449 3298 560 3362 tamen,
579 3295 615 3364 Q.
632 3295 727 3365 Muci,
746 3301 809 3356 tam
824 3296 902 3356 male
915 3295 953 3354 de
966 3294 1078 3372 populo
1093 3311 1218 3354 romano
1230 3292 1339 3353 existi-

272 3418 356 3462 mare
370 3402 497 3464 moleste
509 3401 584 3474 fero,
603 3402 655 3478 qui
669 3403 809 3464 hesterno
830 3403 879 3463 die
892 3422 941 3462 me
956 3421 1025 3462 esse
1042 3403 1167 3478 dignum
1178 3401 1339 3461 consulatu

272 3494 416 3585 negabas.
433 3508 531 3580 Quint
545 3511 676 3588 populus
690 3527 834 3570 romanus
849 3510 950 3570 minus
965 3509 1131 3586 diligenter
1145 3509 1204 3567 sihi
1222 3507 1339 3568 consti·

271 3620 373 3674 tuerat
391 3615 591 3686 defensorem,
616 3634 706 3692 quam
728 3620 762 3675 tu
785 3615 859 3676 tiuit
883 3618 982 3687 Quum
1000 3621 1031 3674 te
1047 3614 1124 3674 furti
1142 3615 1179 3674 L.
1205 3615 1336 3674 Galenus

180 3745 182 3750 ·
272 3720 389 3798 ageret,
404 3739 452 3780 me
467 3722 661 3799 potissimum
673 3724 867 3784 fortunarum
884 3729 1008 3783 tuarum
1021 3728 1184 3799 patronum
1196 3739 1265 3782 esse
1279 3739 1343 3780 v0-.

243 3897 246 3900 ,
272 3828 369 3890 luisti.
386 3829 481 3907 Oujus
496 3834 529 3886 tu
544 3827 706 3888 consilium
727 3827 758 3888 in
775 3826 952 3904 turpissima
974 3847 1065 3891 causa
1084 3829 1240 3909 delegisti,
1255 3831 1340 3890 bunc

299 4055 308 4092 ¹
324 4054 359 4098 De
369 4055 471 4111 siugulis
485 4053 555 4112 hujus
568 4051 682 4099 orationis
694 4055 832 4112 fragmentis
847 4057 1002 4100 consulendus
1014 4061 1050 4100 est
1060 4057 1182 4101 Asconius.

302 4129 451 4172 absurdius
467 4125 650 4183 fragmentorum
669 4127 789 4184 paululum
808 4129 927 4173 immutato
941 4129 995 4174 vide
1009 4133 1031 4174 J.
1051 4132 1080 4176 V.
1099 4129 1195 4174 Leclero
1212 4132 1235 4174 at
1254 4127 1295 4176 ch.
1309 4129 1339 4174 du

176 4253 181 4258 .
273 4201 367 4244 Rozoir.

302 4271 314 4308 ³
327 4274 361 4316 lta
371 4277 395 4317 at
405 4275 496 4328 metius,
504 4279 531 4319 ut
540 4275 630 4332 opinor,
639 4275 785 4330 Madvigius:
