3044 4938
251 407 401 459 ORATIO
424 407 464 458 IN
485 407 515 460 P.
536 406 713 458 CLODIUM
736 409 783 458 ΕΤ
804 409 833 462 G.
855 410 1068 463 cunlountt
1162 413 1195 465 79

123 529 366 601 minacissimis
391 528 464 599 illis
490 529 634 600 vocibus
657 531 785 603 acriter
810 541 843 603 et
869 531 1096 605 vehementer
1114 559 1195 607 res-

122 645 277 740 pondere
295 645 428 730 statuit,
456 646 492 714 in
512 662 554 715 ea
573 646 731 717 oratione
755 649 889 740 quaein
912 649 953 718 P.
976 646 1136 720 Clodium
1159 659 1194 720 et

126 760 166 831 C.
203 760 390 832 Curionem
419 761 633 832 inscribitur.
665 762 855 834 Mirabitur
883 762 1033 836 fortasse
1066 765 1193 860 aliquis

124 879 217 973 quod
237 877 341 948 simul
360 877 395 948 in
421 900 520 949 reum
547 898 588 949 ac
605 888 803 974 patronum,
823 880 954 974 judicio
968 881 1108 975 jamdiu
1127 905 1193 976 pe-

125 1005 236 1081 ract0‚
252 993 384 1065 Tullius
398 995 560 1066 invectus
575 1004 647 1084 est3
667 1019 724 1067 res
742 996 836 1066 enim
851 997 1033 1069 ohscurior
1049 1021 1125 1070 esse
1137 999 1194 1069 vi-

120 1110 199 1182 deri
213 1118 338 1204 potest.
355 1110 459 1181 Haud
478 1111 639 1206 equidem
655 1114 783 1205 ignoro
801 1111 1023 1186 scholiastam
1037 1113 1193 1185 Booten·-

124 1250 199 1296 sem
223 1224 402 1298 affirmare
423 1224 613 1298 Curionem
633 1237 668 1300 et
695 1228 854 1300 Clodium
873 1252 950 1299 cum
971 1229 1138 1301 Cicerone
1156 1230 1193 1302 in

122 1351 248 1414 senatu
267 1341 432 1413 habuisse
454 1345 648 1438 quamdamv
657 1345 858 1440 jurgiosam
884 1346 1190 1436 detrectationem,

120 1480 163 1528 ac
195 1459 308 1528 visum
329 1482 407 1530 esse
424 1458 583 1529 Ciceroni
607 1483 706 1531 suam
730 1463 924 1530 orationem
946 1460 1190 1551 conscribere3

119 1573 183 1644 sed
202 1583 323 1665 noster
337 1577 374 1647 in
395 1575 503 1670 longa
522 1600 586 1647 sua
601 1577 747 1671 epistola
768 1578 814 1648 ad
827 1577 981 1648 Atticum
999 1574 1042 1648 de
1057 1577 1192 1648 istaal-

121 1691 316 1764 tercatione
330 1690 486 1779 mirifica,
514 1715 592 1787 quae
616 1696 652 1764 in
672 1691 882 1785 fragmentis
905 1693 1072 1764 orationis
1094 1691 1192 1763 dilu-

122 1803 200 1873 cida
213 1814 371 1897 apparet,
391 1829 436 1878 ne
455 1805 641 1878 Curionem
662 1806 811 1901 quidem,
833 1807 902 1878 nisi
920 1807 1106 1901 principio,
1123 1831 1191 1880 no—

123 1914 252 2007 minat3
275 1927 322 2002 et,
338 1941 536 2014 quanquam
555 1921 601 1991 H.
625 1919 811 2014 Meyerus¹
829 1929 1010 1992 asseverat
1029 1922 1190 1994 eumdem

7 2043 12 2054 '
122 2033 315 2104 orationem
331 2035 500 2107 adversus
513 2036 717 2108 Ciceronem
731 2060 800 2106 uno
816 2059 910 2106 anno
927 2047 1003 2130 post
1018 2039 1059 2108 P.
1076 2039 1190 2110 Clodii

122 2145 363 2220 defensionem
381 2150 558 2239 habuisse,
581 2152 763 2246 probabile
784 2161 850 2240 est,
869 2161 908 2221 ut
931 2152 1067 2245 opinor,
1089 2154 1190 2225 Cice-

123 2290 245 2338 ronem
270 2277 304 2339 et
330 2270 481 2340 orationi
508 2293 571 2363 pro
600 2267 720 2340 Clodio
746 2278 782 2339 et
813 2266 962 2340 orationi
989 2291 1010 2340 a
1037 2270 1189 2342 Curione

121 2381 240 2467 dictae,
259 2408 365 2478 quum
381 2382 765 2459 de'senatusconsult02
778 2385 823 2457 ad
838 2386 1030 2480 pontifices,
1046 2395 1187 2480 propter

21 2533 30 2554 ·
121 2499 233 2570 Clodii
252 2500 379 2591 scelus,
406 2499 592 2573 referendo
612 2502 797 2593 agebatur,
821 2502 926 2573 simul
949 2501 1184 2595 respondisse.
1283 2529 1286 2534 ·

122 2611 192 2685 Sed
216 2615 261 2686 de
281 2617 345 2689 illa
369 2639 409 2688 re
426 2617 594 2690 hactenus
606 2644 615 2709 ;
638 2619 767 2688 etenim
789 2617 865 2689 haec
892 2619 979 2714 ipsa,
1002 2618 1088 2690 adeo
1109 2628 1189 2690 stu-

120 2749 225 2819 prum
246 2731 340 2802 istud
363 2733 580 2804 illustratum
606 2743 671 2821 est,
699 2731 849 2804 forsitan
868 2730 1013 2806 fuerunt
1031 2757 1101 2806 non
1123 2757 1190 2803 ne-
1212 2815 1215 2820 ,

121 2848 297 2932 cessaria3
328 2857 361 2917 ct
393 2847 658 2919 adorationem
689 2856 846 2918 nostram
875 2847 1092 2941 deperditam
1122 2872 1188 2918 ve-

122 2961 252 3032 nimus.

170 3079 366 3172 Antequam
388 3102 474 3172 opus
493 3082 706 3173 propositum
730 3080 956 3168 inchoamus,
985 3101 1188 3152 moneamus

120 3215 161 3264 ac
176 3193 422 3291 denuntiemus
439 3203 572 3286 oportet
589 3204 748 3266 nostram
766 3197 1028 3266 enarrationem
1043 3218 1188 3290 prorsus

118 3305 322 3378 facillimam
350 3331 428 3380 esse
448 3307 614 3380 beneficio
640 3309 709 3378 viri
731 3309 919 3381 doctissimi
939 3310 1076 3403 Angelo
1099 3311 1184 3395 Mai,

117 3424 177 3518 qui
206 3423 312 3496 edidit
337 3425 374 3494 in
397 3424 512 3495 lucem
538 3424 693 3519 amplum
721 3425 921 3518 cusjusdam
945 3425 1121 3519 Anonymi
1144 3424 1187 3492 de

117 3539 181 3610 illa
200 3540 359 3627 oratione
379 3541 681 3628 commentarium,
700 3563 740 3611 ac
757 3541 795 3611 C.
820 3541 950 3635 Beyeri
964 3564 1040 3634 ope,
1057 3541 1128 3634 qui,
1148 3540 1185 3608 in

116 3653 299 3732 veteribus
319 3656 457 3748 scriptis
476 3656 630 3727 studiose
648 3667 683 3727 et
706 3658 852 3728 multum
876 3656 1066 3744 volutatus,
1086 3664 1185 3747 post—
1261 3669 1264 3676 ’

118 3793 225 3864 quam
240 3792 319 3839 curn
334 3793 471 3841 summa
489 3771 674 3863 diligentia
689 3794 810 3841 omnes
822 3772 868 3841 ad
879 3772 1031 3842 Atticum
1050 3770 1185 3862 episto·-

119 3887 173 3956 las
196 3895 374 3957 scrutatus
389 3896 455 3972 est,
474 3886 523 3958 ita
543 3885 735 3958 sententias
754 3885 920 3978 explevit,
938 3895 975 3954 ut
996 3905 1122 3976 magna
1142 3906 1186 3953 ex

152 4177 161 4211 ¹
179 4181 313 4225 oratorum
325 4175 498 4224 Romanorum
511 4178 663 4239 fragmenta,
679 4189 703 4243 p.
715 4176 770 4226 351.

152 4255 163 4298 Ι
182 4255 294 4326 Epistola
306 4255 391 4308 citata.
