3024 4944
294 382 340 432 111
396 381 648 433 radolium
669 381 909 432 ORATIONUM
931 381 1257 433 circummunit

333 503 381 562 56.
407 500 466 571 Qui
488 501 581 560 occisi
596 507 666 562 sunt
687 521 725 560 an
741 501 763 560 ii
778 519 815 561 ex
834 519 962 578 quorum
979 519 1104 561 numero
1126 501 1249 562 saucius
1264 501 1359 562 iactus

294 615 340 668 est
356 609 462 668 nemo?
476 601 606 678 Qui'cur
626 607 762 668 iacerent
777 625 868 667 causa
884 627 942 668 non
965 608 1034 678 fuit,
1050 627 1087 668 an
1103 609 1125 668 ii
1141 609 1192 685 qui
1207 610 1315 668 iecisse
1328 627 1360 670 sc
1453 665 1456 670 ,

294 716 494 776 confitentur?
504 715 633 788 Verum,
644 715 678 774 ui
687 715 743 774 hoc
754 713 810 773 tihi
820 715 942 774 credam
952 715 1097 775 metuisse
1110 721 1141 774 te
1155 733 1194 774 ne
1203 733 1360 793 oppugna-

293 842 374 894 rere‚
394 823 463 900 quis
482 824 539 882 hoo
562 821 669 882 statuit
688 839 833 898 unquam,
854 826 907 880 aut
928 821 977 880 cui
999 822 1135 900 concedi,
1160 823 1225 883 sine
1242 835 1358 882 summo

264 921 267 926 ¹
293 931 427 992 omnium
441 929 590 1009 pericu10,
609 934 710 1006 potest
723 934 758 987 ut
770 945 839 987 cum
858 932 930 1006 jure
941 929 1076 1005 potuerit
1095 929 1246 1001 occidere,
1263 948 1281 990 a
1298 949 1355 1008 quo

293 1036 437 1098 metuisse
452 1054 485 1096 se
500 1035 633 1096 dicetne
646 1035 713 1112 ipse
726 1035 880 1113 posterius
895 1035 1108 1096 occideretur?

672 1257 769 1308 Cetera
786 1257 987 1308 desiderantur

333 1388 439 1452 Dicam
454 1389 464 1426 ¹
487 1390 550 1450 vim
565 1389 677 1450 factam
690 1409 708 1451 a
720 1391 759 1453 P.
775 1365 865 1450 ¹Fabii
879 1390 997 1450 familia
1015 1414 1022 1451 :
1043 1393 1216 1454 adversarii
1231 1412 1291 1454 non
1307 1413 1360 1455 nc-

294 1504 378 1575 gant.
394 1499 544 1558 Damnum
555 1497 660 1558 datum
669 1513 737 1558 esse
751 1496 794 1558 M.
807 1497 910 1557 Tullio
925 1498 1083 1559 concedis:
1101 1500 1162 1559 vici
1172 1518 1264 1560 unam
1279 1519 1357 1564 rem.

293 1606 365 1665 Vim
379 1605 552 1666 hominibus
567 1604 692 1666 armatis
714 1604 825 1665 factam
839 1623 899 1665 uon
912 1623 1003 1683 negas
1018 1624 1025 1665 ε
1042 1605 1104 1665 vici
1123 1607 1264 1668 alteram.
1281 1608 1358 1670 Dolo

293 1712 501 1773 malefactum
515 1729 609 1791 negas
630 1734 637 1772 ε
661 1712 699 1771 de
712 1713 770 1771 hoc
782 1711 934 1790 judicium
954 1717 1011 1772 est.
1037 1712 1242 1793 (Victorinus
1259 1715 1313 1776 lib.
1331 1719 1358 1786 1,

293 1839 322 1897 r·
339 1818 404 1898 63)·
506 1885 509 1892 .
784 1831 792 1839 ”

334 1927 507 1988 Macrobius
532 1929 572 1987 de
596 1929 666 2004 diff.
692 1938 724 1988 et
745 1945 810 1988 coc.
832 1930 1111 2008 procreationeque
1136 1931 1226 1990 verbi
1246 1950 1273 1991 c.
1298 1951 1359 2002 viz,

294 2035 407 2094 Cicero
425 2051 488 2110 pro
509 2035 616 2094 Tullio
634 2034 803 2110 explicavit
817 2037 876 2094 ait.
893 2034 991 2114 (idem
1017 2036 1121 2096 attulit
1142 2037 1304 2098 Diomedes
1318 2041 1359 2100 de

293 2151 377 2202 orat.
395 2150 426 2201 et
437 2141 590 2218 partibor
604 2143 778 2214 orationis,
794 2141 847 2201 lib.
865 2143 891 2216 1,
907 2161 936 2220 p.
951 2141 1021 2218 369,
1036 2143 1179 2203 Putschii
1193 2143 1268 2223 ed).

339 2249 443 2308 Verba
463 2267 504 2308 eor
520 2248 556 2308 C.
570 2248 660 2306 lulio
682 2248 809 2306 Victore
827 2248 868 2328 (c.
886 2247 932 2327 Vl)
945 2258 1100 2325 excerpta
1117 2251 1162 2310 ad
1176 2253 1359 2311 orationem

290 2372 352 2430 pro
366 2354 472 2412 Tullio
487 2361 571 2412 recte
582 2355 761 2430 reserenda
776 2362 873 2428 sunm
885 2366 920 2415 at
934 2374 972 2415 ee
987 2357 1092 2432 ipsios
1109 2373 1177 2416 esse
1191 2361 1358 2420 Ciceronis

294 2460 391 2519 cerba
409 2476 629 2536 nequaquam,
645 2469 681 2520 ut
695 2461 860 2534 Kellenoi,
877 2463 925 2520 sie
940 2464 1119 2538 affirmare
1131 2482 1275 2540 possum.

503 3069 544 3124 11.
569 3101 599 3111 -
621 3074 778 3128 ORATIO
802 3075 884 3129 PRO
909 3075 943 3128 L.
972 3075 1142 3131 VARENO

625 3253 827 3288 ARGUMENTUM
842 3257 1020 3291 flisnoaicuu

330 3368 485 3428 Orationis
502 3388 558 3447 pro
572 3373 695 3432 Vareno
713 3373 884 3451 fragmenta
909 3394 968 3436 non
987 3394 1039 3437 res
1056 3379 1192 3438 occultas
1206 3377 1238 3436 in
1253 3378 1354 3437 lucem

288 3475 444 3538 historicis
458 3481 621 3555 protulere.
637 3483 671 3540 L.
690 3483 831 3542 Varenus
841 3484 932 3554 enim,
949 3485 1116 3561 quaestione
1130 3486 1212 3544 inter
1226 3485 1354 3544 sicarios

287 3581 317 3639 in
337 3583 486 3660 Judieium
509 3592 648 3663 vocatus,
672 3606 725 3648 nos
748 3594 870 3652 tantum
889 3590 1005 3666 edocet,
1026 3596 1059 3649 ut
1081 3589 1235 3652 Ciceronis
1255 3591 1353 3667 ipsius

288 3690 408 3749 verba²
431 3709 587 3768 usurpem,
612 3695 644 3753 in
667 3693 726 3755 isto
740 3696 905 3756 domestico
925 3697 1004 3757 bello
1026 3698 1060 3756 L.
1086 3697 1183 3757 Sullae
1206 3697 1353 3757 felicitate

287 3796 435 3866 confecto,
451 3800 610 3859 subactum
624 3801 726 3878 reipsa
740 3821 980 3880 oppressumque
996 3805 1139 3882 populum
1162 3823 1229 3864 esse
1250 3823 1355 3864 roma·

288 3923 370 3976 num,
400 3923 492 3980 quum
516 3907 626 3966 ceteris
653 3908 773 3968 civibus
799 3929 858 3970 non
888 3912 986 3971 solum
1014 3911 1185 3972 omnimodo
1213 3912 1354 3974 fortunas

315 4128 324 4163 ¹
339 4130 408 4173 Recte
425 4135 527 4185 veretur,
540 4134 565 4175 ut
579 4131 669 4188 opinor,
685 4135 798 4180 Patricius
815 4149 843 4180 ue
860 4136 904 4179 hoc
914 4136 1070 4192 fragmentum
1083 4137 1143 4180 idem
1155 4137 1194 4190 sit,
1206 4137 1286 4181 verbis
1300 4141 1354 4181 tan-

287 4200 336 4240 tuin
351 4200 453 4254 mutatis,
465 4213 477 4243 ι
487 4202 607 4245 Victorino
622 4207 645 4245 et
657 4205 774 4249 Marciano
785 4208 914 4250 recitatum.
926 4207 985 4251 Vide
997 4209 1132 4264 cuprasio.
1218 4217 1219 4224 ¹

314 4267 326 4304 ²
340 4269 385 4313 Pro
398 4271 468 4315 Sexto
480 4272 565 4316 Roscio
576 4271 693 4326 Amerino,
706 4287 725 4317 c.
739 4285 811 4319 xnvu.
