3024 4944
296 370 340 422 ist
399 369 649 423 FRAGMENTA
672 369 913 422 ORATIONUM
937 369 1266 422 DEPERDITARUM

296 492 396 562 Quidi
416 491 551 552 habuisti
572 489 652 567 quod
672 509 731 551 non
746 491 836 550 dares
855 490 887 552 ¹?
906 490 1059 552 Habuisse
1078 507 1111 550 se
1133 489 1226 549 dicet.
1242 487 1318 558 Quis
1338 486 1369 547 id

296 598 392 658 sciett
412 597 487 669 Quis
502 597 655 677 judicabit
678 617 737 658 non
759 597 857 658 fuisse
877 599 1019 656 cansaml
1042 597 1153 674 Finget
1173 595 1282 655 inisse.
1309 593 1369 664 Qui

295 705 472 767 refellemus
490 708 627 785 potuisse
649 725 708 766 non
729 707 804 766 dare
828 705 855 765 si
878 705 1049 764 noluisset?
1073 705 1114 764 Vi
1137 709 1277 780 ereptum
1302 719 1370 761 esse

296 813 386 872 dicet.
404 814 478 884 Quae
493 820 593 891 potest
612 814 785 890 eloquentia
807 811 991 890 disputando
1005 811 1104 888 ignoti
1118 809 1251 870 hominis
1266 809 1373 886 impu-

296 918 430 979 dentiam
445 921 624 982 confutaret

336 1025 387 1088 20.
411 1027 482 1088 Non
501 1040 595 1106 agam
611 1027 710 1105 igitur
726 1044 796 1088 cum
816 1027 878 1087 ista
902 1026 1072 1086 Sardorum
1094 1023 1324 1100 conspiratione
1342 1030 1374 1083 et

295 1151 364 1193 cum
386 1151 545 1212 expresso,
565 1141 668 1197 coacto
684 1136 912 1211 sollicitatoque
930 1134 1069 1214 perjurio
1083 1132 1251 1209 subtiliter,
1273 1149 1373 1228 neque

296 1259 352 1302 acu
385 1243 524 1318 quaedam
555 1245 712 1305 enucleata
740 1248 922 1321 argumenta
955 1239 1144 1317 conquiram,
1182 1240 1235 1300 sed
1263 1243 1373 1298 contra

296 1345 444 1423 impetum
469 1349 562 1408 istum
581 1349 706 1409 illorum
733 1351 849 1428 impetn
873 1367 930 1426 ego
949 1354 1055 1408 nostro
1078 1363 1258 1407 concurram
1280 1351 1373 1421 atque

297 1455 468 1532 confligam.
490 1457 559 1517 Non
574 1463 621 1517 est
636 1475 715 1518 unus
729 1458 805 1517 mihi
826 1457 955 1534 quisque
969 1475 1006 1517 ex
1023 1455 1149 1515 illorum
1169 1453 1234 1512 acie
1247 1458 1371 1530 protra-

298 1561 427 1640 hendus,
448 1580 545 1639 neque
565 1579 633 1624 cum
657 1563 788 1639 singulis
807 1563 1025 1623 decertandum
1043 1568 1134 1638 atque
1155 1561 1371 1638 pugnandum

297 1671 362 1728 tota
375 1667 387 1702 ²
402 1674 449 1729 eat
463 1669 544 1730 acies
558 1670 613 1730 illa
628 1689 688 1730 uno
704 1670 821 1747 impetu
835 1669 1068 1747 prosternenda.
1103 1699 1104 1704 ι

336 1777 387 1838 21.
410 1779 468 1838 list
491 1777 573 1836 enim
597 1795 691 1837 noum
713 1778 881 1838 maximum
902 1778 998 1837 totius
1022 1776 1173 1838 Sardiniae
1198 1775 1374 1834 frumenta-

297 1883 379 1942 rium
394 1884 522 1954 crimen,
537 1884 574 1943 de
588 1901 647 1959 quo
661 1884 802 1944 Triarius
817 1901 921 1944 omnes
933 1883 1048 1944 Sardos
1062 1881 1281 1958 interrogavit,
1292 1878 1373 1956 quod

297 2008 394 2067 genus
414 2009 473 2052 uno
494 1990 663 2052 testimonii
687 1991 803 2052 foedere
822 1998 853 2051 et
875 2009 1026 2052 consensu
1046 1989 1180 2050 omnium
1196 1995 1245 2048 est
1257 1986 1373 2046 confir-

296 2099 451 2160 mandum.
478 2100 565 2170 Quod
583 2117 640 2176 ego
659 2099 775 2158 crimen
795 2105 957 2176 antequam
982 2099 1111 2176 attingo,
1137 2100 1207 2174 peto
1228 2113 1245 2154 a
1269 2092 1372 2164 vobis,

293 2205 427 2282 judices,
440 2209 475 2265 ut
488 2222 536 2264 me
550 2204 645 2264 totius
663 2210 776 2264 nostrae
796 2203 983 2264 defensionis
1005 2203 1093 2280 quasi
1113 2203 1252 2279 quaedam
1267 2204 1375 2278 jacere

297 2313 494 2372 fundamenta
508 2311 679 2388 patiamini.
702 2311 777 2381 Quae
791 2311 818 2370 si
833 2317 934 2382 erunt,
951 2317 986 2371 ut
1002 2327 1069 2370 mea
1087 2310 1167 2369 ratio
1183 2315 1213 2368 et
1228 2307 1374 2384 cogitatio

297 2417 368 2489 fert,
393 2419 493 2496 posita
516 2423 547 2477 et
569 2418 747 2493 constituta,
774 2418 890 2478 nullam
912 2416 1115 2478 accusationis
1138 2425 1256 2494 partem
1274 2415 1373 2494 perti·

300 2543 432 2586 nescam.

341 2634 391 2694 22.
416 2633 524 2692 Dicam
546 2631 558 2668 ³
586 2632 668 2692 enim
694 2633 828 2710 primum
855 2635 893 2693 de
917 2635 984 2710 ipsc
1013 2651 1125 2710 genere
1155 2633 1372 2702 accusationis,

302 2748 407 2820 postea
425 2742 462 2800 de
482 2740 602 2810 Sardis,
620 2748 685 2800 tum
699 2741 792 2800 etiam
810 2757 907 2818 pauca
927 2742 964 2801 de
984 2743 1099 2802 Scauro
1124 2761 1131 2800 :
1155 2739 1267 2816 quibus
1281 2741 1375 2798 rebus

302 2849 476 2927 explicatis,
492 2855 558 2908 tum
577 2848 708 2924 denique
722 2849 760 2908 ad
775 2850 833 2908 hoc
852 2849 1002 2910 horribile
1015 2854 1046 2907 et
1060 2847 1294 2908 formidolosum
1308 2846 1374 2906 fru-

303 2957 487 3017 mentarium
501 2957 617 3016 crimen
633 2959 785 3016 accedam.

342 3066 394 3125 23.
418 3065 505 3135 Quod
525 3071 572 3124 est
592 3064 690 3141 igitur
713 3066 770 3124 hoc
788 3067 1001 3143 accusationis,
1024 3066 1139 3135 Triari,
1160 3067 1279 3142 genus?
1303 3065 1376 3124 Pri·

305 3190 397 3240 mum,
420 3177 453 3231 ut
471 3171 652 3247 inquisitum
670 3191 729 3232 non
749 3173 836 3246 ieris,
861 3191 928 3250 quae
950 3173 1008 3233 tuit
1027 3174 1088 3233 ista
1111 3180 1173 3234 tarn
1196 3173 1297 3249 ferox,
1313 3179 1374 3232 tam

305 3277 464 3354 explorata
474 3278 564 3357 hujus
572 3278 762 3355 opprimendi
772 3278 904 3339 fiducia?
912 3280 1024 3338 Pueris
1036 3279 1122 3338 nobis
1135 3278 1375 3338 audissevidcor

306 3385 341 3444 L.
358 3384 480 3443 AElium
498 3382 678 3442 libertinum
696 3384 849 3443 hominem
868 3384 1038 3444 litteratum
1062 3403 1097 3444 ac
1119 3384 1263 3453 facetum,
1284 3402 1374 3460 quum

306 3492 507 3553 ulcisceretur
520 3494 641 3568 patroni
655 3492 796 3570 injurias,
813 3511 921 3552 nomen
938 3494 1148 3574 Qunttonis,
1160 3493 1293 3552 hominis
1307 3510 1376 3552 sor-

306 3601 469 3670 didissimi,
497 3601 653 3661 detulisse.
680 3603 708 3661 A
733 3621 792 3678 quo
811 3621 903 3678 quum
926 3610 1117 3679 quaereretur
1139 3621 1230 3679 quam
1249 3601 1375 3679 provin-

307 3709 384 3768 ciam
399 3717 451 3768 aut
472 3727 562 3785 quam
581 3709 661 3768 diem
675 3709 802 3769 testium
815 3713 998 3787 postularet,
1019 3713 1125 3772 horam
1142 3711 1206 3784 sibi¹
1222 3718 1372 3780 octavam,

307 3818 379 3878 dum
391 3819 423 3877 in
437 3816 504 3878 foro
519 3818 623 3879 boario
641 3819 822 3895 inquireret,
839 3821 1018 3895 postulavit.
1105 3837 1107 3841 '
1123 3889 1130 3900 ,

335 4110 345 4147 ¹
362 4109 438 4153 Locus
447 4108 516 4154 valde
528 4110 611 4155 dubius
620 4112 642 4156 J.
654 4113 682 4156 V.
694 4112 794 4157 Lcclerc.

336 4181 347 4216 ²
362 4181 428 4226 llaec:
445 4187 494 4226 tota
503 4203 514 4215 -
528 4205 540 4216 ·
550 4184 729 4236 prosternenda
740 4183 808 4228 babet
819 4184 908 4228 scholia
918 4186 1049 4230 Bobiensia.

335 4253 347 4288 3
365 4255 447 4297 Dicam
458 4256 522 4298 enim
529 4256 639 4307 primum
649 4254 718 4300 habet
728 4255 816 4299 scholia
826 4257 956 4302 Bobicosia.
