3024 4944
297 337 344 388 152
394 333 647 388 FRAGMENTA
669 331 1265 384 onarloNUlannPnnorranbm

297 454 416 514 destitit
437 455 640 516 accusatione.
660 455 710 513 An
731 453 773 528 vi,
793 470 831 512 an
852 451 1001 512 veritatel
1023 452 1058 510 ln
1078 469 1138 526 quo
1162 448 1366 528 suspicionem

297 579 415 621 omnem
442 561 524 620 tollit
545 560 579 620 G.
602 559 745 626 Curionis
765 559 866 630 virtus
886 577 921 618 ac
942 558 1088 636 dignitas,
1113 566 1153 626 et,
1181 557 1218 626 Q.
1244 553 1366 615 Metelli

296 668 513 738 adolescentia,
537 668 574 726 ad
597 685 746 727 summam
765 667 886 754 laudem
899 665 1039 725 omnibus
1058 665 1152 724 rebus
1167 669 1284 724 ornata.
1302 660 1365 742 (Ex

298 776 431 836 editione
446 779 481 836 Ε.
497 773 662 855 Lemaire).

336 886 366 943 4.
395 885 523 960 Legem,
555 882 676 958 inquit,
704 883 741 942 de
771 865 986 942 libertinorum
1018 878 1175 956 suffragiis
1204 877 1367 940 Cornelius

299 991 334 1052 G.
351 990 479 1050 Manilio
494 988 588 1048 dedit.
604 989 684 1060 Quid
704 995 751 1049 est
769 991 839 1060 boc,
856 989 969 1048 nnnrrl
986 990 1035 1047 An
1048 986 1138 1046 tulit?
1162 1003 1200 1045 an
1223 983 1370 1061 rogavit?

300 1115 338 1155 an
352 1098 493 1155 hortatus
508 1095 574 1154 esti
589 1095 752 1156 attulisse
766 1095 934 1155 ridiculum
947 1100 1005 1170 est,
1023 1093 1110 1172 quasi
1124 1093 1224 1169 legem
1232 1091 1367 1167 aliquam

299 1203 403 1262 autad
418 1203 612 1263 scribendum
625 1203 783 1263 difficilem
794 1209 847 1263 aut
858 1204 897 1264 ad
906 1203 1143 1280 excogitandum
1154 1199 1343 1260 reconditam
1358 1222 1366 1260 :

299 1329 366 1388 quae
383 1311 435 1370 lex
458 1311 563 1388 paucis
582 1309 630 1369 his
655 1310 743 1369 annis
768 1329 827 1370 non
846 1311 935 1370 modo
958 1309 1086 1389 scripta,
1112 1309 1167 1370 sed
1191 1309 1283 1368 etiam
1305 1309 1369 1368 lata

299 1423 392 1478 esset.
409 1415 468 1496 (Ex
481 1417 614 1476 editione
629 1415 763 1496 Orellii).
1125 1485 1131 1495 ι

338 1523 367 1583 5.
392 1525 427 1583 In
443 1542 502 1600 quo
521 1541 613 1600 quum
627 1524 723 1583 multa
741 1523 928 1601 reprehensa
948 1523 1021 1600 sint,
1037 1530 1102 1584 tum
1114 1525 1145 1583 in
1164 1522 1272 1600 primis
1285 1524 1370 1584 cele-

299 1631 377 1690 ritas
392 1629 531 1690 actionis.
549 1629 610 1708 (Ex
625 1630 673 1690 ed.
689 1628 760 1707 Or.)

339 1737 368 1798 6.
405 1737 524 1797 Petivit
537 1743 638 1798 tamen
653 1756 670 1797 a
684 1757 732 1796 me
747 1744 833 1815 pater
852 1739 985 1798 maxima
1000 1737 1234 1808 contestatione,
1250 1744 1283 1797 ut
1297 1755 1370 1796 cau·

303 1864 368 1906 sam
380 1845 500 1906 Manilii
514 1846 717 1906 defenderem.
733 1847 794 1926 (lix
809 1847 857 1916 ed,
874 1845 943 1924 Or.)
1037 1864 1040 1868 ’

340 1955 370 2015 7.
400 1952 503 2012 Verso
521 1972 543 2012 a
564 1955 672 2030 primo
686 1971 792 2007 naccon.
807 1954 896 2012 Dicit
915 1955 954 2012 de
974 1953 1085 2013 eodem
1108 1953 1244 2012 Manilii
1266 1951 1372 2010 tribu·

299 2071 395 2122 retr.
422 2062 502 2121 Nam
520 2079 612 2137 quum
630 2061 657 2121 is
672 2062 814 2121 tribunus
828 2061 927 2139 plebis
942 2060 1017 2120 duas
1031 2061 1117 2138 leges
1135 2061 1259 2122 tulisset
1281 2061 1313 2119 in
1332 2079 1371 2120 eo

300 2169 497 2245 magistratu,
513 2187 604 2228 unam
618 2169 831 2246 perniciosam,
849 2169 979 2227 alteram
993 2169 1149 2246 egregiam
1164 2191 1170 2227 :
1188 2168 1266 2244 quod
1285 2187 1372 2227 sum-

302 2294 381 2335 mam
395 2278 614 2354 rempublicam
628 2277 721 2352 laesit,
736 2277 768 2335 id
783 2277 820 2334 ab
834 2276 901 2354 ipso
916 2277 1039 2336 tribuno
1061 2278 1214 2354 abjectum
1235 2283 1297 2355 est;
1312 2277 1372 2334 bo-

303 2401 374 2442 num
389 2385 492 2442 autem
500 2383 538 2442 in
553 2402 669 2443 summa
683 2383 841 2460 republica
854 2389 955 2442 manet
968 2383 1030 2462 (ΕΚ
1046 2383 1094 2443 ed.
1112 2381 1213 2462 Lem.)

343 2491 373 2549 8.
396 2490 484 2548 Dicit
507 2491 546 2548 de
566 2491 751 2550 disturbato
767 2479 914 2565 judicio
929 2491 1129 2552 Maniliana.
1151 2490 1231 2550 Aliis
1253 2490 1309 2550 ille
1336 2489 1370 2548 in

250 2591 259 2608 ’
302 2595 389 2655 illum
408 2595 542 2656 furorem
559 2596 679 2674 magnis
693 2596 866 2657 bominibus
883 2597 1058 2656 auctoribus
1072 2597 1221 2674 impulsus
1240 2601 1299 2670 est,
1316 2596 1372 2672 qui

302 2702 424 2778 aliquod
448 2702 570 2762 institui
589 2704 761 2780 exemplum
773 2703 1050 2764 ⁴disturbandorum
1060 2703 1248 2780 judiciorum
1263 2703 1374 2780 perui*

302 2809 517 2882 ciosissimum‚
534 2811 722 2888 temporibus
736 2811 800 2871 suis
809 2811 1137 2887 accomodatissimum‚
1151 2810 1227 2870 meis
1241 2810 1370 2870 alienis-

303 2918 413 2978 simum
427 2917 609 2989 rationibus..
625 2918 797 2996 cupierunt.
813 2917 875 2999 (Ex
887 2920 934 2980 ed.
952 2918 1022 2999 Or.)

345 3025 374 3083 9.
399 3026 546 3103 Majeetas
565 3031 612 3085 est
630 3025 662 3084 in
680 3026 809 3102 imperio
831 3031 922 3102 atque
935 3027 966 3084 in
980 3026 1062 3086 omni
1075 3025 1180 3104 populi
1194 3023 1310 3086 romani
1321 3025 1370 3084 di-

304 3130 432 3206 gnitate.
448 3129 746 3209 (Quintilianuslib.
757 3133 828 3204 vll,
844 3151 871 3192 e.
888 3131 950 3212 111.)
1022 3123 1023 3126 ¹
1258 3126 1265 3136 '

345 3235 394 3295 10.
421 3233 525 3295 Versu
552 3240 684 3298 circiter
708 3257 766 3302 oxi.
789 3241 922 3299 Possum
945 3240 1047 3300 dicere
1074 3239 1226 3301 bominem
1252 3257 1371 3301 summa

305 3343 467 3418 prudentia
481 3344 599 3406 clarum
614 3345 649 3406 G.
673 3348 792 3406 Cottam
805 3348 841 3406 de
854 3347 918 3406 suis
933 3347 1054 3424 legibus
1068 3348 1253 3426 abnegandis
1267 3348 1371 3424 ipsum

305 3450 342 3509 ad
357 3457 495 3526 senatum
508 3452 662 3514 retulisse.
680 3452 742 3534 (Ex
757 3454 804 3514 ed.
817 3452 888 3534 Or.)

347 3557 396 3619 11.
419 3560 589 3636 Sequitur.
612 3562 743 3620 Possum
757 3568 788 3621 et
807 3562 944 3640 ejusdem
968 3563 1064 3622 Cottae
1081 3563 1181 3640 legem
1195 3561 1231 3621 de
1241 3556 1381 3640 judiciis

306 3664 448 3743 privatis,
466 3682 543 3725 anno
559 3671 631 3742 post
652 3685 741 3742 quam
760 3668 822 3726 lata
846 3669 897 3738 sit,
923 3686 940 3726 a
959 3667 1055 3728 fratre
1080 3671 1147 3746 eju's
1162 3669 1368 3746 abropotam.

304 3773 367 3852 (Ex
381 3773 430 3834 ed.
447 3773 528 3852 Or.).

348 3879 395 3940 12.
418 3883 551 3943 Statim.
573 3881 687 3960 Legem
711 3882 862 3942 Liciniam
877 3890 907 3943 et
924 3883 1057 3944 Muciam
1069 3882 1106 3942 de
1119 3883 1238 3943 civibus
1253 3901 1371 3960 regun-

274 4051 280 4059 ,
306 3985 364 4064 dis,
383 4006 473 4064 quam
495 3989 554 4048 duo
576 3991 715 4048 consules
739 3989 872 4049 omnium
895 4007 970 4066 quos
993 3989 1126 4049 vidimus
1153 3989 1373 4066 sapientissimi

305 4095 460 4166 tulissent,
477 4097 567 4156 rideo
582 4103 723 4157 constare
745 4097 827 4157 inter
850 4115 953 4158 omnes
977 4117 1038 4156 non
1051 4097 1140 4157 modo
1159 4097 1299 4158 inutilem
1318 4081 1374 4157 sed

258 4220 263 4227 ’
307 4203 510 4280 perniciosam
524 4203 701 4281 reipublicae
710 4205 816 4266 fuisse.
834 4204 896 4283 (Ex
909 4205 957 4266 ed.
975 4204 1086 4283 Lem.)
1159 4287 1168 4308 ι

904 4441 926 4478 l
