3024 4944
313 379 358 429 136
414 379 666 430 FRAGMENTA
687 381 927 433 ORATIONUM
949 343 1274 438 DEPERDlTARUM

312 503 404 574 posse
428 517 497 556 eum
517 518 584 558 cum
613 519 647 558 eo
671 501 854 576 disceptare,
877 501 903 558 si
929 502 1000 578 quid
1020 503 1125 562 vellet.
1144 505 1247 580 Rogat
1265 504 1376 564 Fabius

311 606 515 664 Acerronium
529 606 612 685 (narn
627 607 669 666 ibi
683 615 747 666 tum
761 606 841 687 erat)
855 614 888 667 ut
904 627 1005 667 securn
1021 609 1113 667 simul
1128 610 1232 669 veniat
1247 611 1284 668 ad
1301 611 1378 668 Tul-

312 711 397 772 lium.
415 712 558 773 Venitur.
576 715 627 772 Ad
643 715 750 773 villam
765 721 831 772 erat
846 715 979 773 Tullius.
996 716 1141 792 Appellat
1154 717 1270 776 Fabius
1281 723 1316 774 ut
1327 723 1377 774 aut

311 817 376 896 ipse
389 819 527 878 'l'ullium
543 820 716 888 deduceret,
734 826 786 878 aut
800 821 838 878 ab
853 837 887 878 00
902 820 1114 879 deduceretur.
1133 821 1215 879 Dicit
1229 823 1376 880 deductu·

310 942 376 983 rum
391 942 424 984 se
438 925 571 995 Tullius,
589 925 797 984 vadimonium
809 926 905 985 Fabio
921 928 1049 985 Romam
1059 927 1295 1002 promissurum.
1313 929 1378 986 Ma-

310 1037 361 1090 net
373 1031 404 1090 in
419 1050 453 1090 ea
469 1031 641 1091 conditione
656 1033 782 1092 Fabius.
805 1035 926 1092 Mature
940 1033 1120 1093 disceditur.

349 1137 398 1198 21.
422 1139 568 1200 Proxima
583 1147 681 1218 nocte,
701 1146 765 1219 jam
785 1141 848 1201 iere
866 1161 958 1218 quum
978 1144 1032 1202 lux
1053 1143 1326 1220 adpropinquaret,
1342 1145 1377 1206 ad

309 1246 386 1307 illud
402 1245 576 1321 aedificium,
590 1248 627 1306 de
642 1267 700 1324 quo
714 1255 802 1307 antea
812 1249 889 1318 dixi,
902 1250 981 1325 quod
994 1256 1060 1308 erat
1072 1247 1104 1308 11
1118 1252 1259 1311 centuria
1273 1255 1378 1331 Popu-

309 1351 401 1430 liana,
418 1352 502 1411 servi
517 1354 554 1412 P.
572 1353 661 1412 Fabii
674 1353 848 1430 frequentes
864 1355 1034 1431 armatique
1054 1357 1197 1435 veniunt;
1218 1357 1377 1418 introitum

308 1458 368 1536 ipsi
383 1459 440 1520 sibi
461 1460 493 1518 vi
507 1477 659 1536 manuque
673 1460 875 1538 patefaciunt5
893 1461 1031 1522 hemines
1045 1464 1150 1540 magni
1163 1465 1258 1541 pretii
1270 1482 1377 1524 servos

309 1565 351 1626 M.
376 1565 472 1626 Tullii
498 1586 553 1626 100
580 1568 739 1646 opinantes
768 1569 969 1645 adoriuntur3
990 1571 1070 1646 quod
1091 1570 1181 1630 facile
1196 1572 1280 1631 sactu
1301 1573 1375 1650 fuit3

308 1692 404 1750 neque
427 1679 489 1734 tam
503 1675 616 1735 multos
636 1695 735 1752 neque
752 1683 959 1754 repugnantes
980 1678 1070 1738 multi
1090 1679 1202 1739 armati
1217 1673 1377 1758 paratique

308 1782 459 1852 occidunt,
484 1788 664 1860 tantumque
685 1784 747 1843 odii
776 1784 1028 1860 crudelitatisque
1057 1788 1241 1863 babuerunt,
1267 1794 1301 1848 ut
1328 1808 1376 1848 eos

307 1908 411 1950 omncs
435 1889 672 1966 gurgulionibus
691 1889 817 1948 insectis
833 1891 1056 1966 relinquerent,
1074 1909 1122 1967 ne,
1140 1891 1272 1967 siquem
1286 1893 1376 1952 semi-

307 1998 414 2057 vivum
429 2017 464 2057 ac
479 1997 647 2078 spirantem
663 1997 753 2056 etiam
770 1996 981 2075 reliquissent,
997 1997 1097 2057 minor
1112 1999 1152 2058 iis
1167 2000 1266 2058 honor
1284 2001 1376 2060 habe-

306 2111 409 2193 retur3
425 2113 578 2184 praeterea
592 2111 706 2164 tectum
721 2105 888 2181 villamque
899 2105 1085 2166 disturbant.

346 2216 395 2276 22.
420 2217 506 2274 Hanc
520 2233 584 2274 rem
601 2221 664 2273 tam
678 2219 823 2290 atrocem,
840 2220 902 2272 tam
923 2214 1094 2291 indignam,
1106 2222 1170 2274 tam
1184 2217 1375 2294 repentinam

307 2324 426 2384 nuntiat
440 2325 485 2383 M.
503 2323 605 2382 Tullio
620 2313 774 2390 Philinus,
792 2340 881 2397 quem
892 2329 981 2381 antea
991 2323 1159 2393 nominavi,
1173 2323 1224 2399 qui
1237 2325 1375 2400 graviter

307 2431 429 2502 saucius
445 2450 461 2490 e
476 2433 558 2490 caede
576 2430 737 2507 effugerat.
765 2429 887 2488 Tullius
909 2431 1018 2490 statim·
1037 2432 1166 2506 dimittit
1188 2432 1225 2490 ad
1248 2432 1373 2504 amicos,

307 2557 436 2615 quorum
450 2557 485 2597 ea
495 2537 654 2596 vicinitate
668 2543 733 2597 tum
747 2535 802 2594 illa
821 2538 900 2596 bona
914 2544 1004 2614 atque
1019 2539 1146 2598 honesta
1159 2538 1247 2616 copia
1261 2545 1375 2616 praesto

306 2644 374 2730 luit.
393 2644 541 2703 Omnibus
556 2643 666 2702 acerba
684 2660 734 2702 res
749 2648 779 2701 et
793 2643 905 2701 misera
919 2642 1095 2703 videbatur.
1121 2644 1221 2714 Quum
1235 2643 1327 2702 amici
1345 2643 1375 2701 in

345 2958 395 3017 24.
419 2956 583 3014 turbarunt
593 2951 615 3014 ².
631 2955 755 3023 Audite,
769 2971 883 3028 quaeso,
899 2946 930 3011 11
941 2971 993 3011 eas
1004 2971 1054 3011 res
1066 2927 1145 3029 'quas
1159 2972 1374 3024 commemoro,

306 3065 461 3126 bominum
484 3065 680 3124 honestorum
704 3064 924 3124 testimonium.
950 3064 1036 3137 Haec,
1058 3082 1124 3139 quae
1140 3064 1200 3122 mei
1213 3069 1309 3123 testes
1326 3063 1376 3122 di-

307 3178 389 3247 cunt,
406 3170 522 3240 fatetur
536 3170 734 3230 adversarius
759 3188 810 3229 eos
826 3188 901 3228 vere
915 3169 1032 3246 dicere3
1050 3189 1117 3246 quae
1132 3170 1192 3228 mei
1206 3175 1300 3230 testes
1316 3189 1375 3228 non

307 3277 422 3346 dicunt,
438 3277 507 3352 quia
518 3296 576 3336 101
585 3277 730 3336 viderunt
745 3296 799 3335 100
815 3277 926 3346 001111,
944 3295 980 3335 ea
995 3277 1070 3336 dicit
1084 3277 1150 3354 ipse
1163 3276 1372 3336 adversarius.

306 3383 415 3445 Nostri
429 3390 525 3444 testes
541 3385 645 3443 dicunt
657 3384 773 3443 occisos
803 3384 957 3460 homines3
988 3401 1128 3442 cruorem
1153 3383 1185 3441 in
1206 3383 1283 3442 locis
1305 3383 1375 3460 plu·

307 3491 404 3562 ribus,
426 3491 577 3570 dejectum
592 3490 762 3549 aedificium
778 3509 810 3550 se
829 3490 945 3549 vidisse
974 3489 1099 3567 dicunt3
1125 3489 1201 3548 nibil
1230 3489 1371 3566 amplius.

308 3603 386 3672 Quid
413 3601 549 3662 Fabius?
567 3602 684 3660 Horum
704 3600 781 3660 nibil
802 3583 903 3676 negat.
928 3599 1008 3669 Quid
1033 3617 1106 3675 ergo
1122 3599 1207 3660 addit
1224 3598 1373 3674 amplius?

308 3711 401 3770 Suam
423 3710 570 3769 familiam
589 3710 698 3769 fecisse
714 3709 798 3768 dicit.

346 3817 396 3878 25.
421 3820 617 3890 Quomodo?
641 3820 692 3893 Vi,
715 3819 888 3878 homiuibus
907 3816 1043 3876 armatis.
1066 3815 1131 3886 Quo
1152 3816 1277 3876 animo?
1296 3816 1371 3875 utid

307 3926 395 3984 lieret
407 3926 486 4002 quod
497 3927 609 3985 factum
623 3931 680 3984 est.
692 3925 771 3996 Quid
782 3930 829 3984 est
841 3925 892 3984 id?
906 3926 946 3984 Ut
962 3922 1099 3982 homines
1117 3923 1159 3981 M.
1177 3920 1274 3980 Tullii
1288 3920 1374 3980 occi·

333 4119 343 4154 ¹
356 4119 383 4161 In
397 4116 434 4162 hls
445 4119 529 4163 litteris
543 4119 629 4162 desinit
641 4118 747 4162 ultimum
757 4115 839 4162 folium
852 4114 1039 4161 Ambrosianum.

334 4191 345 4226 ²
361 4193 451 4236 Primus
461 4192 510 4236 hacc
527 4191 658 4247 fragmenta
671 4197 697 4240 ss
710 4191 793 4236 aleo:
814 4192 947 4233 turbarunt
956 4193 1055 4241 -potest
1065 4189 1103 4242 [ut
1125 4197 1180 4231 eum
1189 4216 1204 4232 ..
1225 4197 1253 4230 ex
1271 4186 1371 4242 Palimp-

308 4267 370 4306 sesto
384 4264 522 4309 Taurinensi
537 4265 657 4307 Amedaeus
667 4265 758 4320 Peyron
774 4263 854 4306 edidit.
