3044 4938
309 401 339 452 tt
425 401 473 454 DE
495 401 708 454 CICERONIS
731 397 973 452 otte'stonutt
995 399 1263 452 nnnctlnnnts

308 517 405 592 obliti
418 522 538 612 simus,
553 520 786 614 dignitatique
796 519 959 614 parcebat
971 545 978 589 :
991 517 1082 614 qued
1093 520 1169 590 sine
1181 520 1284 592 dubio
1294 520 1372 591 haee

307 636 374 708 duo
393 633 592 729 fragmenta
603 659 666 707 nos
676 636 821 709 docent:
836 659 853 704 11
866 636 894 708 Ο
907 635 1045 706 callidos
1055 635 1212 708 homines
1226 640 1341 728 (ete),
1354 663 1372 706 u

306 761 341 824 et
361 760 511 846 postea:
541 777 559 822 «
584 752 678 824 Num
701 752 737 822 in
763 775 816 842 eo,
844 751 901 847 qui
926 751 997 821 sint
1018 751 1054 821 hi
1077 760 1184 823 testes
1209 755 1321 845 (etc).
1354 779 1371 821 »

306 865 405 950 Quod
415 868 459 938 ad
474 867 620 939 testium
639 867 881 941 auctoritatem
900 866 1036 957 attinet,
1054 875 1172 938 utrum
1188 869 1376 961 separatim

307 1006 353 1055 an
372 982 549 1076 gregatim
568 1006 644 1054 eam
663 983 888 1054 imminueret
906 980 1182 1076 infringeretque
1197 981 1376 1056 affirmare

306 1120 374 1168 non
392 1116 595 1190 possumus3
619 1119 817 1192 quanquam
836 1097 1025 1170 verisimile
1037 1101 1097 1169 ¹est
1116 1097 1226 1169 alium
1250 1107 1375 1171 testem

243 1201 247 1213 ’
304 1235 409 1308 super
425 1211 533 1283 alium
551 1235 572 1282 a
592 1211 760 1286 Cicerone
776 1213 993 1308 appellatum
1008 1235 1084 1284 esse
1100 1222 1203 1308 atque
1217 1215 1351 1313 interro
1366 1260 1375 1267 -

303 1337 436 1420 gotum,
451 1350 522 1398 non
535 1327 648 1398 solum
658 1339 844 1424 propterea
859 1329 949 1423 qued
964 1329 1041 1400 reo¹
1055 1329 1250 1401 dissolvere
1261 1353 1375 1422 argu-

303 1451 421 1515 menta
440 1451 473 1514 et
492 1443 688 1514 testimonia
707 1445 857 1538 expedit,
876 1444 938 1516 sed
953 1452 1141 1539 propterea
1157 1445 1246 1539 quod
1262 1469 1373 1517 unum

303 1582 345 1630 ex
365 1559 450 1630 viris
478 1559 720 1631 consularibus
748 1560 983 1632 callidissimis
1006 1561 1272 1654 quaestionibus,
1294 1585 1373 1656 quae

302 1698 373 1745 non
388 1684 490 1747 erant
506 1675 668 1747 Cornelio
686 1676 842 1765 inutileS,
865 1677 1015 1770 urgebat
1035 1677 1317 1772 implicabatque,
1334 1688 1373 1750 ut

303 1788 403 1860 iniis
426 1815 433 1860 :
455 1815 473 1860 «
495 1789 564 1861 Sed
593 1791 621 1860 si
650 1790 870 1864 familiariter
890 1801 957 1864 etc.
979 1836 1022 1845 —-
1048 1793 1151 1883 Quid,
1179 1793 1373 1864 avunculus

303 1917 398 1995 tuus,
420 1917 486 1978 ete.
513 1947 562 1960 —
588 1907 703 1990 Quint
727 1909 830 2000 idem,
859 1918 928 1981 etc.
958 1950 1006 1963 -
1034 1909 1122 1980 Haec
1150 1916 1202 1980 est
1231 1918 1372 1980 contro-

302 2026 431 2116 versia,
459 2032 524 2096 etc.
551 2049 568 2095 n
599 2023 644 2094 At
673 2046 744 2093 non
769 2021 927 2095 Gieeroni
953 2025 1038 2095 satis
1063 2033 1139 2095 erat
1165 2022 1319 2116 gratiam
1338 2032 1373 2095 et

265 2129 268 2136 ⁴
303 2139 405 2212 fidem
433 2137 563 2209 civium
593 2137 890 2208 nobilissimorum
920 2160 960 2208 ae
983 2138 1233 2210 ditissimorum
1254 2139 1371 2233 impu—

302 2279 414 2351 gnare
427 2279 436 2346 ;
452 2263 490 2326 ut
504 2252 622 2348 populi
635 2252 852 2324 veluntatem
868 2253 912 2324 ad
926 2277 1098 2324 summum
1112 2253 1281 2324 honorem
1291 2253 1372 2324 adi·
1405 2339 1409 2343 Ι

301 2368 503 2467 piscendum
529 2367 596 2439 sibi
619 2368 835 2457 conciliaret,
862 2377 971 2439 toturn
999 2391 1035 2438 se
1063 2367 1244 2440 indicabat·
1265 2378 1371 2462 atque

302 2485 500 2559 affirmabat
526 2509 563 2555 se
592 2507 663 2572 non
687 2483 841 2570 divitias
870 2507 940 2554 non
959 2483 1119 2555 coelatum
1141 2505 1278 2574 aurum,
1297 2507 1369 2555 non

303 2603 468 2674 villarum
481 2607 688 2672 ornamenta
699 2621 904 2692 concupere,
919 2598 979 2669 sed
991 2622 1129 2670 reorum
1138 2595 1368 2689 defensioni2,

303 2719 493 2791 amicerum
519 2714 694 2810 periculo,
723 2713 927 2808 reipublicae
952 2713 1114 2807 dignitati
1132 2714 1372 2786 laboriosissi-

303 2858 393 2907 mam
412 2833 521 2904 vitam
541 2851 639 2901 suam
658 2851 796 2926 semper
816 2830 1039 2901 transtulisse
1062 2855 1069 2900 :
1097 2830 1180 2901 inde
1204 2853 1282 2900 cum
1305 2831 1372 2902 ad-

303 2949 470 3022 versariis
488 2947 698 3040 comparatio
718 2945 917 3018 necessarie
931 2945 1154 3039 sequebatur,
1171 2967 1249 3039 quae
1264 2945 1373 3016 nimi-

305 3090 382 3138 rum
400 3064 445 3135 ad
473 3061 681 3133 vincendum
705 3061 857 3132 maxime
882 3059 1004 3132 valuit.
1035 3061 1212 3144 Quomodo
1236 3087 1279 3134 ex
1306 3063 1372 3136 hae

303 3165 473 3254 orationis
492 3185 591 3273 parte
612 3177 657 3248 ad
680 3176 936 3270 perorationem
953 3177 1004 3247 M.
1023 3176 1165 3250 Tullius
1188 3181 1369 3271 transiret,

302 3299 394 3368 inter
413 3293 632 3365 doctissimos
657 3292 754 3362 uiros
774 3289 895 3362 nullus
915 3301 967 3363 est
987 3291 1047 3385 qui
1072 3295 1245 3389 conjicere
1264 3318 1373 3367 ausus

303 3413 358 3485 sit.
387 3411 522 3496 Verum
545 3433 565 3479 o
582 3407 789 3502 quibusdam
808 3405 1039 3500 fragmentis3
1061 3419 1164 3504 atque
1183 3435 1201 3482 e
1220 3411 1371 3505 quedam

302 3523 488 3599 Severiani
507 3522 601 3610 loco,
624 3545 726 3616 quern
754 3522 839 3592 citat
857 3522 1022 3614 Sigonius
1034 3522 1060 3612 ¹¹,
1078 3525 1276 3618 perorando
1300 3551 1372 3600 nen

302 3643 413 3714 solum
432 3638 604 3721 efficiebat
627 3647 666 3708 ut
692 3637 736 3708 ad
761 3635 1032 3708 misericerdiam
1054 3639 1193 3732 judices
1212 3640 1370 3714 adduce·

334 3856 342 3890 ¹
358 3853 536 3914 Quintilianus,
550 3853 594 3903 lib.
611 3851 643 3912 V,
660 3869 681 3902 e.
698 3867 755 3905 11111,

332 3934 343 3969 ²
359 3936 414 3984 Hoc
431 3935 602 3997 fragmentum
614 3933 787 3997 significamus
799 3947 804 3980 :
818 3931 910 3981 «Num
919 3948 1001 3998 neque
1014 3949 1055 3983 me
1066 3935 1161 3986 divitiae
1172 3941 1284 3995 movent,
1295 3955 1307 3983 n
1320 3939 1368 3987 ete.

267 4061 270 4066 ,
332 4015 343 4048 3
360 4013 429 4063 «Ad
452 4014 631 4062 miserrumum
654 4009 925 4076 crudelissumurnque,
942 4029 953 4058 o
977 4016 1027 4063 etc.
1046 4040 1076 4050 ·-
1098 4031 1110 4060 11
1131 4015 1212 4072 Quam
1232 4015 1370 4080 diligentes

301 4094 435 4154 libertatis
452 4112 463 4139 o
478 4098 528 4142 etc.
545 4121 572 4128 -
590 4108 602 4138 11
618 4092 644 4141 Si
660 4103 703 4140 vos
715 4090 791 4155 hujus
804 4091 927 4150 fortunas,
942 4109 955 4140 n
971 4097 1021 4142 etc.

330 4177 342 4232 5¹
360 4192 371 4220 11
387 4173 587 4223 Misericordiam
600 4186 739 4229 movemus
751 4187 828 4235 quum
841 4172 948 4237 alicujus
959 4173 1118 4225 calamitates
1130 4191 1370 4236 commemoramus,

300 4264 378 4320 quum
392 4253 594 4318 magnitudinem
609 4252 714 4316 periculi
731 4253 898 4312 ostendimus,
914 4253 989 4304 sicuti
1004 4269 1050 4318 pro
1065 4255 1184 4307 Cornelio
1199 4257 1297 4308 Cicero.
1312 4277 1324 4306 »
