3024 4944
302 369 346 420 150
404 363 657 418 FRAGMENTA
678 363 919 415 nubilosum
940 364 1266 414 DEPERDITARUM

298 490 428 568 probant
442 484 638 564 compositam
650 484 800 562 qnondam
814 501 850 544 ac
863 484 1061 543 constitutam
1074 484 1181 544 Romae
1194 486 1369 562 rempubli-

301 612 379 668 cam,
397 600 470 654 tunc
495 591 655 669 temporis,
680 597 805 671 propter
826 591 881 650 has
904 608 1024 666 causas,
1044 591 1076 649 in
1092 609 1127 650 co
1148 609 1217 652 esse
1230 598 1264 652 ut
1283 593 1367 652 deci-

302 703 389 762 deret
403 707 433 760 et
444 700 704 778 pessumdaretur.
943 699 947 704 ’

342 808 515 877 Cornelius,
538 807 680 867 tribunus
694 807 805 883 plebis,
823 807 1008 884 magistratu
1022 811 1158 886 peracto,
1173 807 1371 882 injudicium

300 917 477 992 adducitur3
493 921 534 992 et,
551 915 600 975 die
614 915 707 990 dicta,
723 913 872 977 tribunali
887 915 1043 975 hominum
1058 921 1246 974 armatorum
1259 934 1371 976 manus

301 1022 567 1091 circumfunditur,
595 1021 686 1097 inque
712 1018 906 1081 accusatores
934 1022 977 1080 ita
1003 1021 1151 1100 impetum
1179 1021 1263 1098 facit,
1285 1028 1320 1082 ut
1338 1023 1372 1082 in

302 1130 394 1192 scalis
408 1130 505 1188 latere
519 1146 554 1187 ac
569 1146 624 1205 per
637 1133 717 1188 tecta
737 1128 848 1188 aedium
859 1147 900 1206 „ex
916 1130 990 1187 urbe
1009 1129 1156 1206 aufugere
1169 1129 1192 1187 ii
1206 1137 1370 1206 cogantur.
1413 1187 1417 1191 .
1509 1199 1510 1212 χ

303 1239 410 1313 Neque
419 1237 451 1294 in
465 1254 500 1294 ea
514 1253 548 1295 re
563 1237 627 1296 sola
642 1236 691 1295 vis
705 1235 845 1294 adhiberi
859 1236 947 1295 solet.
964 1237 1064 1306 Quum
1079 1237 1158 1312 apud
1177 1238 1324 1314 populum
1338 1237 1373 1297 in

302 1344 403 1403 tribus
419 1351 619 1402 convocatum
634 1341 824 1418 rogationem
838 1343 950 1419 aliquis
965 1343 1108 1402 tribunus
1121 1344 1219 1421 plebis
1232 1343 1376 1421 promul-

286 1468 377 1534 ⁸gare
397 1450 429 1509 in
444 1450 544 1509 animo
566 1451 668 1527 habet,
694 1449 910 1510 sodaliciorum
924 1451 1066 1528 imperita
1081 1453 1131 1510 vel
1145 1451 1275 1510 scelesta
1291 1449 1375 1508 rnul-

303 1557 433 1616 titudine
455 1556 618 1630 subnixus,
642 1575 709 1634 quae
723 1558 819 1616 multo
834 1576 922 1617 mane
941 1558 1140 1618 concionatur
1158 1556 1209 1616 vel
1223 1557 1325 1634 potius
1341 1559 1375 1616 in

303 1666 424 1741 publico
439 1670 610 1742 pernoctat,
627 1665 765 1741 collegae,
783 1665 864 1724 haud
878 1665 969 1725 aliter
985 1683 1074 1740 quam
1091 1664 1263 1740 Corneliae,
1274 1663 1377 1722 inter-

304 1771 474 1830 cessionem
489 1769 616 1847 irridet,
638 1772 699 1846 vel,
724 1772 798 1830 Auli
819 1771 944 1829 Gabinii
958 1771 1129 1848 exemplum
1140 1770 1288 1847 imitatus,
1306 1772 1376 1830 col-

304 1878 382 1952 legae
398 1876 600 1935 intercedenti
614 1877 830 1952 magistratum
845 1880 996 1954 abrogare
1010 1883 1108 1954 parat,
1126 1895 1184 1952 quo
1198 1876 1321 1936 facilius
1336 1879 1378 1936 ab

304 1981 444 2040 omnibus
459 1979 579 2056 rogatio
599 1979 777 2056 accipiatur.
797 1982 883 2052 Quod
899 1981 1009 2059 siquis
1025 1984 1131 2044 consul
1143 1969 1184 2041 'ne
1197 1983 1281 2060 leges
1292 1984 1379 2042 anti-

308 2107 374 2166 quae
390 2094 627 2165 perrumpantur
645 2087 795 2164 impedire
809 2089 954 2158 voluerit,
984 2089 1137 2166 excipitur
1151 2089 1217 2166 ipse
1230 2089 1380 2149 clamori-

308 2197 365 2256 bus
379 2201 409 2254 et
423 2195 576 2272 lapidibus
588 2196 715 2272 pellitur
725 2196 919 2274 eJiciturque.

348 2305 428 2362 Dum
446 2305 551 2366 Romae
573 2303 720 2364 factiones
744 2310 843 2380 atque,
856 2323 940 2365 arma
964 2305 1185 2382 rempublicam
1202 2305 1245 2364 ita
1258 2305 1380 2365 dilace-

309 2416 390 2480 rant,
407 2412 623 2486 cujuscumque
641 2411 758 2470 ordinis
776 2411 963 2471 feneratores
984 2413 1133 2490 diripiunt
1155 2412 1331 2490 provincias
1347 2419 1380 2472 et

310 2516 490 2593 sanguinem
503 2534 607 2576 earum
617 2518 815 2593 exhauriunt,
829 2519 926 2598 Nemo
940 2520 1030 2578 hodie
1045 2520 1143 2579 nescit
1161 2519 1301 2596 Pompeii
1318 2519 1380 2578 im-

309 2623 493 2700 probissima
505 2623 892 2702 fenerafenerationemque
903 2626 994 2684 Bruti
1002 2626 1180 2704 immanem
1198 2631 1240 2693 at,
1255 2625 1381 2686 etiamsi

310 2731 375 2790 haec
391 2737 461 2790 nota
475 2750 535 2791 non
550 2733 742 2802 haberemus,
760 2750 852 2807 quum
866 2733 1064 2792 didicerimus
1080 2733 1256 2793 Cornelium
1270 2738 1381 2794 vetare

310 2845 446 2897 tentasse
460 2857 497 2897 ne
512 2839 579 2914 quis
594 2843 771 2898 exterarum
786 2839 922 2916 gentium
942 2839 1053 2916 legatis
1068 2840 1227 2917 pecuniam
1241 2846 1381 2900 mutuam

311 2945 408 3026 daret,
432 2963 486 3021 pro
509 2953 592 3005 certo
620 2945 799 3005 habebimus
821 2946 926 3018 illum,
946 2946 1003 3006 hac
1024 2945 1172 3006 immensa
1190 2946 1381 3024 expilatione

311 3056 493 3130 permotum,
513 3070 573 3110 non
596 3051 736 3112 omnibus
756 3052 875 3112 civibus
899 3051 1133 3112 fenerandarum
1148 3051 1381 3133 provinciarum

310 3157 466 3218 licentiam
480 3175 547 3218 esse
561 3177 736 3220 concessam
751 3159 905 3220 voluisse:
921 3159 998 3220 satis
1008 3159 1090 3219 enim
1103 3164 1170 3220 erat
1179 3160 1382 3238 proconsules

311 3284 346 3325 ac
371 3266 489 3344 legatos
512 3284 551 3326 ex
571 3267 687 3343 pacatis
712 3267 864 3343 sociisque
892 3266 1071 3344 regionibus
1094 3268 1214 3344 praedas
1244 3267 1382 3342 quotidie

311 3392 413 3451 agera.
430 3377 524 3452 Ergo,
537 3374 605 3450 quis
615 3375 755 3451 miretur,
774 3394 865 3452 quum
875 3380 919 3434 tot
933 3381 964 3434 et
977 3380 1078 3434 tantas
1088 3375 1232 3435 libidines
1247 3379 1384 3434 tantam-

311 3500 368 3559 que
381 3483 545 3544 avaritiam
558 3484 732 3560 perferrent
745 3483 963 3561 provinciales,
979 3502 1031 3544 eos
1043 3483 1133 3543 unius
1144 3483 1382 3544 dominationem

311 3591 547 3667 magistratuum
561 3607 731 3650 annuorum
752 3591 893 3660 avaritiae
907 3610 967 3650 non
983 3592 1082 3650 solum
1096 3590 1310 3678 anteposuisse
1328 3591 1383 3650 sed

313 3696 404 3786 etiam
416 3697 497 3756 votis
512 3697 747 3775 expoposcisse?

353 3804 441 3874 Quod
455 3805 493 3863 ad
508 3804 685 3865 Ciceronem
707 3805 826 3874 attinet,
844 3824 883 3864 ex
897 3805 1006 3865 iisdem
1027 3805 1217 3864 Cornelianus
1231 3805 1384 3866 orationis

313 3911 493 3988 fragmentis
509 3917 635 3988 apparet
650 3917 786 3972 nostrum
801 3918 965 3989 oratorem,
978 3911 1042 3981 ubi,
1057 3911 1176 3988 primus
1189 3918 1304 3989 pretor
1317 3912 1384 3970 fac-

314 4031 376 4097 tae,
390 4018 581 4077 consulatum
590 4018 805 4095 concupiscere
815 4019 934 4096 incipit,
951 4018 1074 4078 rustice
1089 4019 1187 4095 plebis
1200 4018 1380 4094 ordinisque

314 4125 467 4204 equestris
483 4143 515 4183 se
529 4131 787 4202 propugnatorem
804 4127 904 4202 palam
917 4125 1067 4202 profiteri.
1091 4127 1191 4196 Quum
1213 4123 1295 4182 enim
1310 4125 1380 4200 ple-

314 4240 382 4302 bem
397 4237 538 4300 hortatur
553 4238 586 4291 nt
599 4233 798 4298 Manilianam
818 4233 1014 4296 offensionem
1031 4233 1209 4302 ulciscatur,
1226 4251 1381 4309 quumque
