3044 4938
437 449 587 498 ORATIO
609 450 684 498 PRO
704 449 738 499 P.
763 449 935 499 VATIN'ro
963 491 967 494 .
1071 497 1076 504 ,
1190 450 1221 500 93

153 547 358 638 Ciceronem
376 569 413 638 in
433 569 496 638 tali
517 578 674 663 ternpore
695 570 895 642 necessitati
916 592 1044 664 parere
1063 579 1142 642 esse'
1159 593 1220 640 coa

153 693 283 771 actum,
311 692 344 754 et
372 683 558 778 potuisse¹,
579 685 657 755 sine
673 686 749 756 ullo
767 685 973 780 reipublicae
997 686 1218 773 detrimento,

153 799 330 893 respicere
344 801 451 872 etiam
464 801 654 894 aliquando
673 801 821 873 salutem
842 811 915 873 tum
930 826 1030 874 suam
1042 813 1116 875 tum
1136 825 1222 872 suo-

154 939 247 986 rum.
269 917 440 1012 Equidem
459 915 574 988 fateor
592 917 642 988 M.
666 917 838 1005 Tullium,
858 917 960 1011 quasi
979 917 1045 988 sibi
1063 916 1222 989 nonnul-

153 1031 223 1103 lius
234 1041 326 1104 esset
337 1033 497 1105 conscius
509 1033 636 1127 culpae,
650 1056 744 1128 saepe
755 1034 799 1104 de
807 1033 873 1104 hac
883 1031 1019 1102 consilii
1032 1033 1223 1104 mutatione

155 1172 193 1220 se
211 1171 367 1242 purgare
385 1158 552 1238 tentasse,
582 1149 684 1220 modo
707 1147 890 1222 affirmans
917 1173 969 1239 se,
990 1149 1088 1221 velut
1106 1173 1223 1243 praes*

154 1263 291 1337 tantes²
311 1266 350 1336 iu
368 1265 548 1362 republica
569 1265 802 1359 gubernanda
828 1267 896 1336 viri
916 1265 1062 1352 laudati,
1084 1275 1223 1358 tempo-

104 1397 113 1414 ·
154 1381 252 1454 ribus
266 1382 428 1454 assentiri
443 1405 452 1470 ;
475 1382 575 1452 modo
594 1381 807 1452 denuntians
823 1405 860 1453 se
880 1381 1089 1454 sententiam
1099 1377 1124 1468 ³,
1140 1389 1224 1453 tan-

155 1521 260 1592 quam
286 1497 427 1592 aliquod
449 1497 627 1588 navigium
646 1479 750 1590 atque
772 1508 927 1582 cursum,
950 1521 993 1568 ex
1020 1495 1224 1590 reipublicae

155 1622 364 1706 tempestate
384 1613 578 1698 moderari3
595 1621 643 1702 at,
661 1621 850 1707 antequam
864 1623 985 1686 nostro
997 1637 1128 1685 novum
1144 1614 1224 1684 ins-

156 1729 297 1800 titutum
325 1729 446 1824 aliquis
472 1726 636 1822 objiciat,
661 1728 739 1800 volo
763 1728 828 1800 hoc
847 1731 1001 1823 primum
1024 1740 1160 1824 quaerat
1183 1751 1225 1800 ac

156 1852 346 1933 scrutetur,
366 1844 499 1916 scilicet
517 1867 614 1931 num,
636 1843 816 1938 republica
835 1845 873 1914 in
886 1845 1152 1917 triumvirorum
1162 1844 1224 1938 jus

155 1970 260 2055 atque
287 1959 454 2030 ditionem
472 1959 549 2051 jam
571 1959 805 2047 concedente,
832 1959 903 2031 alia
925 1962 1009 2032 vitae
1034 1963 1171 2032 ratione
1189 1973 1224 2031 et

155 2077 222 2146 sibi
246 2076 381 2146 servire
401 2085 435 2146 et
459 2074 533 2146 suis
557 2074 743 2144 consulere
769 2074 889 2165 Cicero
913 2077 1094 2167 potuisset.
1121 2076 1226 2148 Cete-

157 2216 249 2282 rum,
263 2215 327 2266 seu
342 2191 407 2262 sibi
423 2190 626 2284 obstrepere
638 2190 677 2261 in
689 2191 808 2261 animo
822 2190 997 2279 habuerit,
1020 2213 1082 2262 seu
1096 2190 1226 2263 otium4

155 2332 236 2380 cum
255 2308 425 2402 dignitate
441 2332 479 2378 se
496 2316 614 2378 tenere
632 2306 831 2394 crediderit,
849 2305 945 2401 quia,
967 2307 1141 2378 bonorum
1157 2332 1225 2378 vo-

156 2423 352 2494 luntatibus
375 2423 587 2511 immutatis,
611 2424 699 2493 tueri
723 2445 801 2516 quae
829 2431 967 2494 mutare
991 2447 1062 2494 non
1085 2434 1224 2518 poterat

157 2537 321 2626 malebat,
344 2564 451 2634 quum
468 2543 507 2613 Ρ.
524 2540 666 2612 Vatinio
680 2537 889 2611 defensurus
902 2541 1054 2629 adesset,
1067 2540 1111 2612 ad
1121 2565 1224 2612 suum

156 2652 305 2727 fratrem
324 2655 497 2728 scribebat
521 2680 596 2726 rem
620 2652 718 2726 esse⁵
740 2654 842 2726 valde
860 2653 1012 2727 facilem.
1040 2656 1219 2744 Attamen,

154 2768 233 2840 istis
248 2771 351 2840 etiam
365 2770 509 2841 omissis
523 2795 602 2842 cum
617 2769 758 2841 Caesare
772 2769 808 2840 in
826 2771 1008 2865 republica
1024 2771 1082 2845 vel
1096 2795 1223 2844 assen-

155 2887 313 2958 sionibus
326 2887 383 2958 vel
399 2885 688 2975 dissensionibus
705 2895 740 2958 et
758 2909 971 2980 quanquam,
987 2896 1128 2982 propter
1139 2911 1222 2982 opes

156 3003 321 3092 Caesarie,
334 3003 377 3074 de
386 3003 513 3097 judicii.
527 3005 622 3073 exitu
636 3011 754 3074 certus
769 3010 856 3092 erat,
874 3003 1124 3096 arrogantibus
1138 3026 1223 3074 ver-

156 3118 208 3189 bis
227 3119 293 3190 sibi
311 3119 453 3212 planam
468 3142 545 3190 esse
561 3116 800 3216 defensionem
819 3118 1057 3211 profitebatur.
1081 3119 1222 3191 Etenim
1274 3129 1275 3134 ’

155 3258 235 3306 cum
263 3234 466 3306 adversario
490 3257 603 3329 neque
620 3233 780 3328 neglecto
800 3257 913 3329 neque
936 3236 1055 3328 ignoto
1082 3235 1135 3305 illi
1165 3258 1222 3306 res

155 3358 243 3437 erat,
269 3349 331 3422 scd
356 3371 434 3420 cum
453 3349 492 3421 C.
516 3349 646 3420 Licinio
664 3351 786 3421 Macro
804 3350 925 3438 Calvo,
945 3351 1016 3444 qui,
1033 3351 1099 3421 etsi
1117 3360 1221 3423 aetate
1236 3409 1240 3418 .

153 3466 314 3556 inferior,
341 3491 420 3540 cum
439 3468 607 3540 Cicerone
625 3470 700 3561 ipso
723 3463 841 3540 litem⁶
859 3470 902 3556 de
921 3469 1119 3564 principatu
1142 3469 1220 3540 elo-

154 3584 307 3681 quentiae
330 3584 387 3656 diu
409 3583 546 3674 babuit,
571 3592 604 3656 et
632 3584 674 3655 de
702 3608 768 3679 quo
797 3583 969 3655 nonnulla
990 3584 1106 3656 dicere
1133 3607 1240 3680 opus

186 3823 194 3856 ¹
212 3821 300 3872 Oratio
313 3837 358 3885 pro
372 3823 418 3873 Cn.
433 3821 550 3880 Plancio,
566 3839 589 3872 c.
603 3837 718 3873 xxxvur.

184 3901 195 3935 ²
212 3900 294 3965 Epist.
309 3901 342 3951 ad
356 3901 412 3952 Div.
423 3915 437 3965 3⁴
445 3917 485 3968 ep.
497 3917 535 3952 rx.

184 3983 196 4017 ³
213 3983 302 4033 Oratio
316 3997 362 4046 pro
374 3984 419 4035 Gn.
435 3983 547 4044 Plancio,
562 4000 586 4033 c.
601 3997 697 4033 xxxix.
713 3983 810 4032 Eadem
824 3996 896 4048 paene
912 3985 988 4035 verba
1002 3982 1028 4035 in
1042 3987 1159 4035 oratione
1171 3999 1218 4049 pro
1246 3979 1248 3986 '

150 4061 181 4113 L.
196 4061 314 4112 Cornelio
331 4063 420 4121 Balbo,
436 4079 458 4113 c.
474 4077 560 4121 xxvu,
576 4064 702 4126 leguntur.
776 4096 779 4104 ι

180 4143 195 4184 A
207 4143 247 4193 De
258 4143 373 4200 Oratore,
390 4142 434 4192 lib.
448 4146 466 4201 l,
483 4159 504 4194 c.
522 4161 538 4194 1.

182 4220 194 4257 ⁵
210 4221 256 4286 Ep.
273 4220 306 4270 ad
319 4221 440 4280 Quintum
452 4223 565 4284 tratrem,
581 4223 625 4273 lib.
642 4225 673 4275 ll.
688 4240 729 4290 ep.
745 4241 802 4276 xvi.

181 4301 194 4336 ⁸
211 4301 316 4360 Senecm
328 4301 574 4365 controversiarum,
591 4303 633 4354 lib.
650 4307 804 4365 lll,c.x1x.
