3044 4938
270 421 583 474 INTERROGATIO
604 421 653 476 DE
674 421 766 474 AERE
787 422 936 476 ALIENO
958 421 1122 474 uttonus
1184 419 1230 474 115

162 546 273 622 alieno
288 540 512 616 defeneratus
531 544 662 637 praedae
679 543 860 616 videretur
872 544 1055 616 habiturus
1066 565 1141 616 esse
1156 567 1231 616 rem

163 659 362 760 publicam3
385 685 403 731 u
423 683 561 750 verum,
579 683 778 757 quanquam
798 663 967 757 bleyerus
986 683 1031 734 ne
1049 684 1129 734 eum
1150 659 1231 756 qui-

162 777 242 848 dem
264 777 405 854 honoris
420 799 525 850 causa
543 777 751 868 nominavit,
768 801 874 872 quum
889 775 1007 872 aliqua
1022 776 1230 872 eloquentiae

111 921 113 932 ·
161 891 268 966 lande
286 891 379 988 apud
397 892 549 988 aequales
568 891 746 982 floruerit,
773 887 975 966 verisimile
987 902 1039 968 est
1056 894 1092 964 in
1110 894 1173 964 tali
1191 913 1232 962 re

162 1032 233 1082 non
251 1009 531 1099 intermortuam,
548 1010 626 1081 odio
642 1010 906 1101 exardescente,
924 1010 1021 1080 illum
1037 1009 1230 1082 orationem

162 1123 338 1198 habuisse.
360 1125 463 1196 Hanc
484 1125 780 1220 oppugnationem
801 1149 903 1221 aequo
921 1126 1037 1198 animo
1050 1123 1146 1198 ferre
1160 1147 1230 1195 non

161 1250 300 1338 poterat
320 1239 453 1329 Cicero,
471 1261 541 1313 non
556 1241 669 1312 solum
683 1231 764 1336 quia
778 1241 956 1334 singulari
974 1264 1093 1313 amore
1111 1249 1145 1313 et
1159 1248 1231 1312 stu-

161 1358 220 1430 dio
233 1356 386 1429 Annium
401 1358 579 1446 Milonem,
599 1357 720 1429 salutis
738 1381 812 1428 suae
830 1367 1020 1447 auctorem,
1037 1379 1230 1452 proseque*

160 1474 289 1562 batur,
311 1472 373 1544 sed
397 1473 479 1568 quia
498 1474 538 1544 P.
567 1472 686 1544 Clodio
710 1473 843 1546 bellum
862 1473 1074 1568 inexpiabile
1091 1472 1229 1567 jamdiu

159 1598 373 1685 susceperat.
393 1590 527 1684 ltaque,
550 1591 710 1684 quamvis
730 1589 806 1662 loco
822 1613 884 1661 suo
894 1591 970 1683 jam
988 1591 1130 1662 dixisset
1143 1612 1228 1662 sen-

159 1707 320 1796 tentiam,
342 1706 532 1802 postulavit
550 1715 589 1778 ut
612 1705 699 1779 sibi¹
720 1707 843 1779 liceret
872 1709 912 1780 P.
936 1705 1095 1780 Clodium
1112 1708 1225 1778 inter-

158 1847 299 1917 rogare,
327 1823 448 1911 idest,
473 1822 570 1894 illius
589 1825 796 1912 orationem,
820 1848 884 1918 pro
915 1825 1008 1896 virili
1029 1821 1142 1921 parte,
1166 1847 1229 1894 re-

157 1939 336 2034 darguere
360 1966 367 2010 :
390 1963 432 2011 ac
446 1963 744 2034 supervacaneum
760 1949 813 2012 est
831 1941 948 2012 dicere
968 1963 1061 2031 eum,
1079 1942 1143 2013 etsi
1156 1963 1226 2012 non

159 2079 304 2152 prorsus
328 2080 368 2129 eo
391 2065 548 2150 tempore
566 2056 683 2129 animo
704 2053 881 2129 alieno²a
901 2055 1018 2129 Clodio
1040 2058 1227 2152 Pompeius

159 2180 272 2262 esset,
295 2171 445 2244 maxima
466 2181 608 2244 senatus
625 2180 725 2266 parte
748 2170 956 2266 plaudente,
982 2171 1225 2244 adversarium

159 2287 363 2360 concidisse.
891 2373 892 2378 ,

206 2404 236 2475 Ε
260 2401 470 2498 fragmentis
499 2429 578 2502 quae
605 2413 796 2500 supersunt
823 2405 1017 2477 orationem
1049 2403 1225 2476 Ciceronis

155 2521 192 2592 in
213 2522 298 2594 duas
312 2532 431 2617 partes
445 2547 522 2595 esse
535 2523 693 2609 divisam,
711 2521 884 2594 arbitratu
895 2529 1029 2609 nostro,
1047 2528 1142 2613 patet
1161 2545 1170 2590 ε
1187 2521 1224 2591 in

156 2661 226 2710 una
239 2640 307 2712 tria
322 2639 438 2710 Annio
450 2639 575 2712 Miloni
590 2637 726 2732 objecta
741 2638 888 2708 crimina
902 2636 1040 2708 diluere
1053 2638 1219 2724 tentabat,

155 2757 192 2828 in
207 2756 320 2828 altera
337 2764 454 2827 autem
469 2757 510 2828 P.
529 2753 688 2828 Clodium
704 2752 891 2826 vellicabat
906 2753 1011 2824 simul
1026 2775 1066 2823 ac
1080 2753 1223 2824 semeti-

155 2894 257 2966 psum
282 2870 472 2943 notissimis
491 2870 652 2943 laudibus
682 2867 862 2942 efferebat.
895 2870 947 2942 De
978 2867 1223 2962 prioreparte

155 2986 223 3057 dno
246 2986 311 3058 loci
334 2988 476 3058 omnino
497 2995 718 3059 evanuerunt
745 3011 753 3056 :
781 2984 909 3057 etenim
933 3007 977 3056 ne
996 3006 1066 3055 una
1084 2983 1221 3079 quidem

154 3097 253 3169 uobis
279 3098 315 3168 in
347 3100 506 3172 manibus
538 3123 608 3172 vox
642 3108 715 3187 est,
749 3122 819 3194 qua
854 3098 1016 3170 divinare
1048 3100 1221 3193 possimus
1266 3133 1269 3158 ·

152 3214 323 3306 quomodo
358 3223 477 3286 noster
509 3223 627 3286 orator
667 3214 838 3285 Milonem
871 3237 985 3308 neque
1020 3211 1109 3286 foris
1144 3238 1221 3286 esse

152 3351 265 3425 neque
285 3329 422 3402 ambitu'
431 3331 590 3402 accusari
605 3354 705 3427 posse
725 3329 1029 3426 comprobaverit:
1049 3340 1216 3419 attamen,
1276 3317 1278 3324 ’

151 3467 257 3538 quum
275 3445 314 3515 in
332 3444 396 3518 hoc
419 3446 508 3536 loco,
528 3469 594 3541 quo
609 3447 653 3519 de
667 3448 701 3517 vi
720 3446 874 3535 disserit,
897 3468 968 3516 non
989 3445 1103 3516 solum
1118 3468 1219 3517 suum

150 3560 303 3634 amicum
323 3570 466 3655 purgat,
489 3561 550 3634 sed
568 3562 674 3634 etiam
693 3563 730 3632 in
753 3560 933 3632 inimicum
956 3583 1058 3631 suum
1085 3562 1218 3632 crimen

149 3675 239 3746 illud
267 3677 501 3769 copiosissime
530 3677 679 3766 avertit,
711 3678 885 3771 conjicere
909 3675 992 3748 licet
1016 3699 1095 3748 eum
1117 3681 1217 3748 suum

148 3790 318 3866 orationis
334 3792 376 3863 de
388 3791 622 3887 Haruspicum
637 3792 813 3887 responsis
825 3791 1031 3887 proaemium
1049 3815 1127 3864 esse
1138 3791 1218 3862 imi-

149 3914 274 3999 tatum,
292 3906 330 3976 in
346 3931 413 4002 quo
427 3907 506 3980 risit
526 3934 545 3979 u
560 3897 750 3999 hominem,
768 3908 827 4002 qui
843 3906 1087 4003 pulvinaribus
1106 3906 1216 3979 Bonae

149 4021 234 4094 Deae
248 4029 409 4116 stuprum
423 4023 587 4111 intulerit,
603 4023 641 4094 in
654 4023 821 4095 concione
838 4021 883 4093 de
902 4020 1136 4114 religionibus
1146 4045 1214 4092 ne-

178 4223 188 4258 ¹
204 4222 270 4274 Vide
282 4228 463 4287 argumentum
478 4224 624 4276 scholiastae
636 4223 782 4275 Bobieneis.

169 4301 188 4366 ,²
203 4301 268 4354 Vide
282 4304 388 4356 Asconii
402 4310 582 4372 argumentum
596 4303 629 4354 ad
643 4303 818 4358 Milonianam.
