3024 4944
235 389 487 439 FRAGMENTA
509 387 751 439 ORATIONUM
773 385 1099 440 DEPERDITARUM
1157 389 1200 440 iil

169 510 200 567 4.
225 507 303 586 [Nec
322 495 406 568 enim
427 507 435 542 ¹
465 507 617 587 respexit]
641 507 730 566 illum
752 508 852 584 ipsum
882 514 1045 585 patronum
1064 507 1202 568 libidinis

134 633 196 674 suae
229 614 303 694 [uon
326 613 437 674 modo²
459 615 539 692 apud
567 615 659 674 Baias
684 631 762 690 esse,
794 632 901 674 verum
925 631 976 674 eas
998 615 1081 692 ipsas
1111 632 1204 691 aquas

134 722 257 796 habere,
279 739 346 797 quae
367 728 459 798 gustu
479 727 580 804 tamen
596 720 755 797 Arpinatis
778 719 919 780 fuissent.
943 719 1003 780 Sed
1025 721 1128 780 videte
1141 739 1206 780 me-

133 828 277 887 tuendam
287 827 403 886 inimici
422 834 452 887 et
466 828 564 887 hostis
579 829 671 887 bilem
685 832 715 886 et
729 827 896 886 licentiam.
914 829 943 886 Is
959 845 1007 885 me
1021 827 1099 886 dixit
1110 827 1207 886 sedili-

134 951 204 994 care
218 935 269 993 ubi
280 935 358 993 nihil
371 936 483 1012 habe03
501 936 559 994 abi
571 935 673 994 habea
688 934 730 992 ihi
746 933 843 993 fuisse
858 957 864 993 :
883 934 1037 1010 quomoda
1051 928 1132 993 enirn
1148 951 1206 992 non

115 1083 117 1086 -
134 1042 235 1099 mirer
248 1047 400 1118 patentem
412 1042 643 1115 adversarium,
661 1040 711 1116 qui
727 1041 757 1099 id
773 1040 909 1119 objiciat,
926 1042 1006 1116 quod
1018 1041 1070 1101 vel
1081 1043 1207 1101 honeste

134 1148 274 1207 confiteri
289 1148 340 1208 vel
352 1149 512 1208 manifesto
527 1149 716 1224 redarguere
729 1147 830 1224 possis
840 1145 867 1226 i]

175 1255 217 1315 V.
242 1255 270 1316 1.
294 1255 373 1316 Nam
386 1255 520 1315 rusticos
535 1255 563 1314 ei
584 1273 639 1314 nos
655 1254 757 1314 videri
772 1254 874 1314 minus
896 1259 943 1313 est
957 1253 1144 1329 mirandum,
1156 1256 1207 1331 qui

135 1362 318 1421 manicatam
339 1363 475 1423 tunicam
495 1363 540 1442 [et
556 1361 568 1397 ³
583 1363 707 1422 mitram
726 1367 757 1422 et
775 1380 948 1439 purpureas
964 1361 1080 1422 fascias
1094 1363 1209 1422 habere

134 1488 192 1529 non
206 1468 398 1548 possumus]:
415 1491 431 1528 a
446 1477 480 1530 tu
496 1489 571 1530 vero
585 1470 728 1545 festivus,
741 1474 775 1528 tu
790 1469 926 1546 elegans,
941 1475 973 1528 tu
990 1467 1096 1528 solus‘
1112 1471 1210 1528 urba-

135 1595 208 1654 nus3
227 1595 315 1652 quem
337 1577 424 1637 decet
441 1577 603 1638 muliebris
623 1583 762 1652 ornatus,
785 1595 874 1652 quern
896 1577 1034 1668 incessus
1057 1575 1207 1652 psaltriae,

136 1681 186 1757 qui
202 1683 377 1744 effeminare
390 1686 521 1754 vultum,
531 1691 690 1744 attenuare
706 1701 823 1754 vocem,
837 1686 951 1744 laevane
966 1702 1077 1762 corpus
1089 1691 1207 1761 potes.»

172 1792 202 1851 2.
227 1789 268 1870 [Ο
293 1789 480 1868 singulare⁵
509 1792 701 1870 prodigium!
728 1797 758 1850 at
782 1811 799 1850 o
826 1793 1018 1852 monstrum!
1048 1795 1158 1854 Nonne
1179 1796 1209 1850 te

135 1895 228 1973 hujus
243 1897 361 1973 templi,
379 1915 438 1956 non
462 1897 559 1966 urbis,
582 1915 641 1957 non
656 1897 740 1972 vitae,
759 1914 817 1955 non
843 1897 920 1956 lucis
936 1899 1050 1974 pudeti
1068 1899 1139 1976 Tu]‚
1158 1899 1209 1975 qui

136 2001 259 2062 indutus
274 2002 419 2062 muliebri
429 2001 630 2072 sestefueris‚
649 2003 787 2080 [virilem
802 2001 813 2036 ὃ
826 2021 930 2062 vocem
945 2005 1039 2063 audes
1055 2005 1208 2081 emittere,

136 2115 225 2187 cujus
238 2111 444 2188 importunam
466 2112 626 2171 libidinem
641 2117 671 2170 et
686 2118 827 2188 stuprum
845 2130 913 2170 cum
929 2113 1047 2172 scelere
1059 2115 1210 2190 conjunc-

137 2224 200 2277 tum
215 2238 253 2278 ne
267 2220 453 2280 subornandi
468 2219 592 2296 quidem
606 2238 692 2278 mora
707 2219 907 2299 retardavit]

174 2328 203 2386 3.
227 2329 323 2402 Tunc,
350 2347 442 2404 quum
461 2327 653 2387 vincirentur
672 2329 763 2405 pedes
783 2327 899 2402 fasciis,
925 2347 1017 2404 quum
1032 2331 1182 2390 calantica
1198 2305 1211 2364 i

135 2435 228 2512 capiti
238 2435 694 2512 accommodaretur,quumvix
704 2436 1207 2498 manicatamtunioaminlacertos

136 2543 308 2618 induceres
325 2561 417 2618 quum
431 2543 568 2619 strophio
580 2549 739 2602 accurrate
754 2543 989 2619 praecingerere,
1002 2544 1033 2602 in
1042 2550 1104 2605 tam
1116 2546 1206 2624 longo

136 2649 235 2727 spatio
249 2666 405 2724 nunquam
417 2653 447 2707 te
471 2648 561 2724 Appii
578 2648 698 2708 Claudii
720 2655 859 2725 nepotem
878 2667 945 2708 esse
960 2652 1140 2710 recordatus
1158 2654 1209 2712 est

137 2758 257 2833 Nonne,
281 2755 399 2814 etiamsi
418 2773 537 2814 omnem
561 2761 693 2814 mentem
717 2756 812 2814 libido
836 2762 1000 2832 averterat,
1018 2763 1119 2816 tamen
1138 2761 1207 2816 exi-

138 2873 251 2922 turam
271 2880 333 2938 per
356 2864 480 2922 atrium
497 2863 658 2938 imapiaes
681 2863 846 2938 majoram
871 2872 1005 2922 tuorum
1024 2873 1054 2923 te
1071 2883 1092 2922 a
1115 2871 1210 2924 tanto

81 3007 83 3010 -
137 2973 259 3030 scelere
278 2971 377 3029 etiam
395 2978 494 3029 mata
514 2987 667 3028 revocare
687 2969 892 3028 debuerant?
918 2970 1019 3034 Quem
1041 2969 1129 3029 caim
1144 2990 1210 3031 aa·

139 3095 233 3152 qaam
251 3078 380 3136 audisti
388 3078 554 3152 majoram
565 3087 709 3149 tauram,
722 3078 780 3153 qai
795 3085 827 3135 et
840 3095 938 3136 sacra
946 3079 1083 3153 privata
1098 3080 1206 3138 colac-

139 3193 220 3243 raat
234 3193 264 3242 et
275 3184 419 3259 publicis
438 3185 631 3244 sacerdotiis
643 3169 870 3260 praefuerant,
890 3203 992 3261 paam
1004 3188 1209 3261 sacrificium

139 3290 238 3350 Boane
254 3291 330 3349 Dcoe
351 3293 457 3368 ficret,
479 3292 672 3365 interfuisse
697 3291 869 3363 neminem,
894 3309 936 3349 aa
951 3292 1047 3348 illam
1062 3293 1205 3372 quidem,

139 3401 196 3474 qai
211 3415 316 3458 cacas
331 3407 379 3456 est
397 3403 520 3473 factas.

178 3506 207 3566 4.
231 3505 302 3574 Sed,
319 3505 410 3564 oredo
423 3505 446 3574 ⁸,
460 3511 620 3582 postquam
639 3506 794 3582 speculum
817 3505 871 3563 tibi
894 3506 1021 3565 allatum
1043 3512 1102 3581 est,
1118 3506 1206 3583 longe

140 3618 168 3672 te
183 3631 200 3671 a
214 3611 353 3689 pulchris
368 3614 475 3672 abessa
489 3613 624 3673 sensisti.

168 3833 282 3890 ⁴‚²‚³‚⁵,⁶
297 3836 353 3882 lisso
367 3836 497 3893 fragmenta
515 3840 582 3883 uncis
605 3838 915 3899 inclusa[]e‘1'aurinensi
933 3838 1011 3883 codice
1029 3838 1118 3894 primus
1136 3831 1206 3878 edidit

138 3908 261 3952 Amedteus
271 3910 371 3964 Peyron.

164 3979 243 4022 taam
257 3985 312 4022 nota
327 3980 376 4023 haec
390 3993 403 4022 e
415 3981 499 4037 Nonio,
514 3983 554 4038 VI,
569 3983 672 4038 983Ju1.
689 3983 809 4027 Rufinian.
824 3983 851 4026 de
871 3983 950 4039 Figur.
966 3985 1063 4026 sentent.
1081 3994 1104 4036 p.
1119 3980 1153 4024 30.
1169 3977 1205 4024 ed.

139 4054 267 4106 capparon.
278 4051 301 4094 J.
313 4053 340 4094 V.
352 4051 451 4095 Leclerc.

170 4122 269 4165 'illabet
282 4121 372 4164 Nonius
387 4125 515 4176 calantica,
530 4125 569 4167 lib.
585 4125 648 4177 XIV,
658 4137 678 4168 c.
689 4137 712 4170 11.
723 4128 746 4170 J,
759 4126 786 4170 V.
797 4125 899 4170 Leclerc.

148 4243 151 4252 ,
167 4193 178 4232 ⁸
193 4197 312 4239 Citaverat
329 4195 428 4246 Nonius,
447 4209 499 4240 voc.
517 4201 588 4252 lonae
604 4202 627 4239 et
642 4201 775 4250 speculam.
798 4199 853 4242 llaec
868 4203 892 4241 et
909 4199 998 4254 reliqua
1012 4198 1120 4242 debemus
1136 4197 1201 4241 codic

142 4273 300 4322 Arnbrosiano.
311 4274 332 4314 J.
345 4272 370 4316 V.
384 4271 485 4313 Leclerc.

1087 4369 1116 4418 12
