3070 4950
235 449 246 472 0
315 427 362 474 wn
736 422 952 474 PRAEFATffi

317 549 517 621 recensione
545 547 726 619 Ciceronis
760 548 897 635 omnia,
932 570 1009 641 quae
1041 557 1242 642 supersunt,
1276 571 1383 644 opera

314 686 479 773 continet,
501 709 569 756 non
588 683 756 776 religiose
775 684 841 755 sim
855 692 1008 755 secutus.
1030 683 1219 777 Principio,
1241 683 1284 756 iis
1298 705 1383 755 ora-

313 821 445 892 tionum
473 820 737 914 deperditarum
758 818 965 912 fragmentis
992 817 1203 911 fragmenta·
1217 818 1382 890 orationis

311 981 374 1051 pro
388 957 440 1027 M.
467 954 600 1042 Tullio,
618 952 698 1048 qumi
722 954 861 1048 quidem
881 977 1000 1025 omnes
1020 962 1254 1025 servaverunt
1273 976 1380 1048 supe—

310 1089 421 1160 riores
448 1087 631 1174 editiones
661 1086 778 1157 addidi
806 1105 905 1157 :non
939 1097 1054 1159 autern
1080 1087 1231 1182 injuria3
1266 1107 1380 1179 neque

309 1220 401 1291 enim
420 1243 461 1292 ea
481 1218 638 1292 defensio
652 1221 793 1313 integra
813 1221 928 1293 videri
942 1230 1068 1316 potest,
1080 1244 1192 1316 ¹quum
1202 1227 1236 1291 et
1250 1241 1378 1290 narra-

307 1353 411 1424 tionis
444 1361 479 1426 et
501 1354 545 1425 de
574 1353 712 1447 legibus
739 1354 983 1448 disputationis
1008 1355 1161 1449 aliquam
1180 1364 1316 1448 partem
1343 1361 1377 1424 et

306 1496 413 1559 totam
428 1487 684 1582 perorationem
705 1486 967 1575 desideremus;
987 1509 1099 1581 neque
1119 1487 1203 1558 mihi
1222 1495 1275 1559 est
1289 1510 1376 1558 con—

306 1621 505 1710 temnenda,
525 1645 631 1716 quum
645 1644 688 1693 ex
707 1643 747 1693 ea
765 1622 929 1715 judicare
943 1621 1048 1693 liceat
1060 1621 1265 1693 Ciceronem
1284 1618 1375 1692 ado-

304 1756 491 1828 lescentem
503 1755 541 1826 in
560 1753 730 1826 institutis
748 1777 790 1826 ac
802 1755 1052 1827 consuetudine
1065 1753 1217 1826 civitatis
1232 1755 1374 1825 minime

303 1887 413 1961 fuisse
431 1889 616 1983 hospitem.
639 1889 773 1959 Verum
792 1912 836 1960 ex
859 1880 982 1962 eadem
1007 1873 1163 1961 editione
1178 1886 1265 1960 duas
1289 1909 1373 1958 ora-

303 2022 425 2110 tiones
442 2044 589 2116 quarum
614 2021 656 2092 Cr.
678 2022 842 2094 Baiterus
857 2021 915 2094 vel
938 2021 1064 2092 indicia
1090 2021 1148 2093 vel
1170 2018 1372 2114 fragmenta

301 2155 435 2250 primus
454 2154 491 2225 in
504 2155 617 2226 lucem
636 2156 755 2245 edidit,
773 2155 945 2228 deducere
965 2179 1034 2226 non
1053 2147 1224 2243 dubitaui,
1243 2155 1372 2226 scilicet

301 2289 339 2358 C.
353 2288 493 2360 Antonii
503 2286 742 2360 defensionem
757 2288 917 2384 atqueA.
927 2328 929 2338 =
939 2288 1080 2361 Gabinii
1095 2289 1368 2362 accusationem.

300 2420 396 2492 Satis
413 2421 483 2492 scio
506 2424 555 2492 M.
578 2422 780 2510 Antonium,
802 2447 900 2494 suum
926 2421 1099 2516 collegam
1116 2434 1155 2496 et
1179 2425 1370 2518 majestatis

299 2567 334 2629 et
358 2557 611 2651 conjurationis
630 2557 847 2629 Catilinariae
870 2557 1139 2648 reum‘factum,
1164 2559 1370 2632 Ciceronem

299 2687 434 2761 frustra
447 2687 665 2773 defendisse;
683 2690 757 2779 sed,
778 2692 1369 2786 quamvisoperaepretiumfuisset

297 2824 394 2895 illius
411 2823 594 2896 acerrimae
613 2823 845 2895 accusationis
867 2823 1067 2918 fragmenta
1093 2825 1275 2920 colligere,
1299 2849 1368 2924 qua

298 2981 397 3031 suam
415 2956 684 3030 adolescentiam
698 2959 917 3053 potissimum
932 2961 983 3031 M.
998 2959 1124 3033 Coelius
1138 2960 1256 3037 Rufus
1269 2951 1368 3037 corn-

298 3090 490 3180 mendauit,
516 3117 664 3187 cumque
683 3117 738 3183 ea,
762 3117 867 3188 quam
886 3094 1062 3186 singulari
1086 3095 1192 3168 laude
1210 3116 1365 3170 exorna-

297 3224 350 3295 vit
371 3226 610 3309 Quintilianus
634 3226 658 3315 1,
679 3229 878 3304 ‚Ciceronis
906 3227 1111 3302 defensione
1144 3255 1363 3325 comparare,

296 3357 378 3452 quia
396 3359 491 3432 locus
505 3358 649 3432 Dionis²
669 3361 778 3435 Cassii
795 3365 1029 3459 transcriptus
1043 3392 1087 3440 ne
1101 3391 1211 3439 unum
1225 3370 1363 3464 quidem

296 3489 443 3562 verbum
464 3517 507 3564 ex
522 3495 679 3568 oratione
693 3497 873 3590 deperdita
892 3503 1276 3595 excerptum-continet,
1293 3528 1364 3576 non

296 3625 437 3719 possum
447 3626 484 3696 in
503 3626 568 3696 hoc
587 3629 841 3700 constituendae
860 3631 1030 3703 orationis
1044 3613 1162 3721 sedern
1178 3645 1212 3706 et
1230 3633 1365 3708 funda-

295 3767 450 3830 mentum
464 3758 638 3832 invenire.
660 3762 759 3865 Quod
781 3763 905 3836 attinet
926 3764 970 3835 ad
992 3765 1034 3836 A.
1057 3764 1196 3838 Gabinii
1216 3791 1363 3852 accusa-

295 3887 436 3980 tionem,
450 3915 519 3963 non
537 3893 666 3968 infitias
680 3895 736 3968 ibo
751 3897 788 3967 in
808 3898 847 3970 A.
866 3898 1056 3971 Gabinium
1067 3900 1271 3974 Ciceronem
1282 3914 1363 3976 ante

323 4184 332 4218 ¹
347 4179 401 4232 Lib.
420 4177 462 4244 lv,
476 4203 497 4238 c.
512 4197 540 4236 ιι.

321 4262 645 4326 'bffi.XXXVHLc‚m
