3044 4938
467 1529 830 1650 uououusro

597 1793 697 1800 -κ-ο--η-

162 2110 258 2202 Opus
276 2111 467 2205 inceptum,
489 2111 660 2204 qu'autum
680 2133 743 2204 pro
762 2109 895 2182 viribus
915 2108 1001 2180 meis
1016 2105 1094 2178 fieri
1113 2129 1180 2199 po-

115 2224 200 2316 tuit,
227 2223 373 2320 perfeoi;
405 2249 605 2320 nuncque
632 2225 713 2298 inde
740 2233 998 2318 consequantur
1023 2220 1179 2293 breuiter

113 2363 284 2434 exponam
299 2363 441 2413 necesse
453 2350 517 2414 est.
530 2340 691 2412 Primum
703 2341 860 2411 omnium
875 2347 1027 2432 ponatur
1040 2335 1185 2409 Cicero-

113 2479 208 2546 nem,
225 2481 424 2554 quanquam
441 2459 681 2544 Quintilianus
699 2456 853 2530 affirmat
874 2451 979 2526 iilius*
994 2452 1185 2526 sententias

114 2572 425 2648 etconoionesnon
438 2575 554 2648 minus
570 2575 707 2648 ciarum
714 2574 739 2664 ¹,
756 2597 859 2671 quam
873 2583 927 2646 est
941 2571 978 2643 in
992 2569 1185 2643 accusatio·

114 2687 219 2758 nibus
242 2698 276 2760 et
297 2687 581 2780 defensionibus,
605 2690 814 2786 eloquentiae
840 2690 960 2760 lumen
980 2687 1203 2784 ostendere„

114 2801 152 2872 in
166 2826 208 2874 eo
222 2802 358 2875 dicendi
378 2829 510 2899 genere
531 2831 598 2902 quo
620 2807 755 2879 utilitas
771 2814 830 2877 aut
843 2805 998 2898 dignitas
1013 2811 1075 2876 aut
1088 2801 1187 2876 salus

115 2917 317 3011 reipublicae
335 2919 466 3013 agitur,
492 2921 529 2992 in
550 2921 729 3010 secundis,
752 2945 822 2992 non
844 2919 881 2991 in
908 2919 1031 3014 primis
1049 2917 1187 2989 oonsis-

115 3042 202 3106 tere.
224 3035 324 3119 Quod
341 3037 384 3124 si,
407 3036 488 3127 (hoo
501 3047 619 3110 autem
637 3039 674 3108 in
692 3039 768 3109 loco
789 3045 926 3109 tantum
936 3031 984 3106 de
998 3033 1187 3128 fragmen-

117 3150 160 3224 tis
179 3154 377 3241 orationum
398 3154 659 3248 deperditarum
682 3149 888 3227 asseverare
907 3154 945 3224 in
964 3153 1081 3225 animo
1101 3155 1183 3243 est),
1217 3189 1222 3200 ·

118 3268 254 3366 quoties
274 3267 516 3342 adversarium
536 3271 758 3342 inimicumve
780 3269 1051 3365 reprehendere,
1069 3268 1186 3340 iaces-

118 3409 216 3477 sere,
253 3384 296 3456 de
322 3394 418 3458 statu
444 3387 597 3480 dejicere
616 3389 731 3461 studet
750 3409 791 3460 ac
811 3388 941 3481 gestit,
963 3385 1058 3457 omni
1087 3381 1188 3456 modo

118 3499 344 3591 exardescit,
362 3505 391 3574 si
411 3527 474 3575 suo
497 3504 644 3576 arbitrio
661 3506 856 3577 orationem
875 3505 980 3597 fingit
998 3501 1185 3598 flectitque,

119 3619 157 3707 si,
174 3625 215 3688 ut
230 3616 370 3711 propria
384 3619 492 3713 ipsius
519 3620 631 3692 verba
651 3643 833 3714 usurpem,
850 3619 999 3715 impetus
1021 3617 1187 3690 mirificos

121 3731 236 3820 facit³,
259 3757 397 3828 pugnas
421 3744 456 3807 et
470 3745 610 3829 strages
634 3736 717 3828 edit,
739 3759 834 3824 raro,
856 3759 962 3831 quum
990 3758 1011 3807 a
1036 3734 1188 3830 propriis

150 3986 156 4020 ¹
179 3985 233 4036 Lib.
252 3986 404 4048 111,c.v1n.

148 4067 158 4101 2
177 4067 241 4116 Vide
256 4070 398 4120 orationem
407 4072 433 4121 in
444 4077 505 4134 toga
514 4073 631 4131 candida,
647 4074 790 4124 orationem
805 4072 830 4121 in
846 4070 876 4121 P.
886 4069 1002 4121 Clodium
1017 4073 1044 4119 et
1057 4067 1085 4120 C.
1101 4070 1190 4122 Curio·

120 4157 174 4193 nem
188 4150 213 4196 et
224 4147 451 4214 interrogationem
463 4152 494 4201 de
509 4168 560 4202 aere
575 4154 659 4203 alieno
671 4155 783 4206 Milonis.

147 4225 158 4259 ³
171 4227 218 4291 Ep.
229 4227 264 4277 ad
273 4230 398 4292 Atticum,
415 4230 459 4282 lib.
473 4232 494 4292 Ι,
505 4248 545 4298 ep.
559 4247 617 4284 xvr.
