3044 4938
283 405 434 454 ORATIO
454 401 614 454 CONTRA
634 401 867 453 CONCIONEM
887 401 918 458 Q·
940 401 1115 452 Murrum
1199 402 1229 452 67

169 528 408 602 cendemnatis
435 528 570 600 civibus
598 527 659 599 sed
682 525 846 598 exsilium
873 526 1026 621 permitti
1045 524 1229 621 jubebant.

168 647 244 719 Hoc
264 647 375 741 igitur
395 645 570 735 facinore,
592 647 683 741 quod
700 668 837 741 semper
856 656 975 720 nester
995 647 1231 720 excusandum

168 763 331 853 habebat,
352 762 453 834 nulla
471 785 570 834 mera
585 762 808 856 interposita,
829 765 987 835 certatim
1006 773 1088 836 sunt
1111 764 1229 854 abusi,
1258 749 1261 754 ’

53 961 62 968 ,
169 881 374 980 quicumque
401 879 574 973 perhanc
596 901 738 980 causam
760 878 816 950 vel
840 879 958 952 Crassi
981 882 1040 952 vel
1065 881 1231 972 Caesaris,
1332 976 1335 984 ,

169 1017 316 1089 quorum
335 995 443 1068 dubia
462 1020 533 1068 non
552 1005 627 1068 erat
645 995 690 1066 de
708 994 859 1066 Catilina
877 997 1063 1084 sententia,
1082 997 1149 1068 sibi
1167 996 1254 1068 ve?

169 1113 342 1186 luntatem
360 1115 613 1188 conciliandam
627 1137 704 1187 esse
719 1111 911 1208 putabant;
929 1135 969 1184 ao
980 1115 1145 1186 Metellus
1158 1115 1231 1186 Ne·

171 1251 247 1324 poe,
269 1253 372 1324 quem
395 1239 526 1319 tamen,
551 1231 694 1304 honeris
720 1251 838 1316 causa,
864 1228 901 1299 in
921 1229 1132 1302 Corneliana
1151 1251 1235 1300 era-

169 1343 284 1418 tiene¹
303 1349 519 1420 nominatum
534 1349 585 1420 Μ.
604 1347 741 1419 Tullius
755 1346 928 1433 voluerat,
950 1345 1115 1441 cujusque
1133 1344 1234 1417 fratri

64 1483 66 1488 ·
170 1484 269 1533 suam
286 1462 603 1538 administrandam
623 1465 839 1560 provinciam
862 1462 1089 1552 condemnat,
1109 1466 1236 1556 quam-1

171 1583 224 1653 vis
244 1604 264 1652 a
283 1581 324 1664 Q.
340 1579 462 1652 Catule
480 1603 610 1675 parens
627 1581 751 1676 patries
761 1579 881 1652 Cicero
893 1579 1086 1674 appellatus
1105 1573 1232 1665 esset²‚
1313 1612 1319 1618 ·

170 1719 212 1768 ea
227 1697 360 1790 injuria
386 1720 465 1768 eum
491 1697 617 1784 affecit,
645 1720 712 1792 qua
738 1721 840 1767 nemo
862 1694 1039 1790 unquam³
1057 1696 1095 1766 in
1123 1695 1235 1789 alique

169 1812 381 1906 magistratu
401 1812 682 1906 improbissimus
710 1812 795 1883 civis
821 1812 965 1884 affectus
993 1820 1101 1883 erat:
1128 1831 1233 1898 nam,

169 1953 275 2024 quum
287 1931 326 2001 in
341 1929 518 2018 concione,
531 1928 654 2000 abiens
668 1928 891 2021 magistratu,
906 1937 1026 2000 nester
1036 1951 1115 2022 quae
1129 1949 1235 1998 cens-

168 2047 312 2119 tituerat
331 2068 527 2117 memorare
545 2045 667 2130 veluit,
688 2067 709 2116 a
726 2043 869 2116 tribuno
888 2044 1002 2138 plebis
1020 2045 1135 2115 dicere
1149 2065 1237 2137 pro-

168 2161 298 2233 hibitus
317 2169 381 2250 est,
400 2169 434 2232 et
449 2160 686 2233 tantummode
700 2161 947 2255 jusjurandum
959 2159 1105 2252 jurandi
1122 2168 1237 2252 potes-

170 2285 276 2348 tatem
290 2275 422 2348 habuit.
445 2279 523 2348 Non
542 2285 641 2348 tanta
658 2285 775 2348 autem
789 2274 1001 2347 contumelia
1016 2273 1235 2356 emesenus

168 2394 285 2486 Nepos
309 2401 361 2464 est
389 2400 590 2480 contentus3
618 2391 690 2480 sed,
720 2399 904 2484 postquam
921 2391 958 2460 in
981 2389 1145 2462 concione
1167 2412 1235 2482 pe-

168 2509 256 2601 puli,
272 2511 393 2602 inqua
409 2531 479 2578 nen
499 2508 576 2578 sine
590 2507 694 2579 laude
711 2506 931 2593 versabatur,
948 2513 1133 2600 prepterea
1144 2501 1236 2598 quod

167 2624 234 2694 hoc
249 2621 346 2695 erat‘*
364 2623 531 2717 populare
550 2621 686 2693 dicendi
701 2645 815 2712 genus
830 2629 1021 2708 assecutus,
1036 2620 1139 2714 paule
1154 2602 1235 2690 ante

167 2739 430 2811 denuntiaverit
448 2739 493 2823 ei,
512 2738 570 2831 qui
588 2735 647 2807 in⁵
664 2736 751 2808 alies
770 2737 1086 2822 animadvertisset,
1105 2733 1236 2804 indicta

168 2869 295 2943 causa,
333 2853 468 2924 dicendi
495 2860 702 2946 potestatem
734 2852 811 2922 lieri
839 2875 910 2923 non
940 2860 1124 2944 opertere,
1153 2856 1234 2920 ante

167 2969 259 3041 diem
269 2968 318 3039 ΙΙΙ
333 2991 413 3038 nen.
428 2967 590 3058 januam,
606 2987 698 3049 nova
712 2957 870 3038 oratione
882 2966 1014 3056 habita,
1028 2966 1235 3059 tertioque—

168 3109 234 3180 que
261 3082 368 3154 verbo
397 3082 600 3153 Ciceronem
628 3081 818 3176 appellavit
850 3083 951 3176 eique
982 3081 1138 3153 minatus
1165 3089 1230 3152 est.

168 3201 301 3271 Verum
323 3222 394 3269 nen
414 3220 456 3268 ea
475 3181 751 3268 Ciceronimens
769 3207 845 3270 erat
863 3205 901 3269 ut
918 3197 1085 3290 impeturn
1104 3194 1236 3268 factum

167 3335 268 3406 aeque
292 3313 408 3384 animo
429 3310 561 3402 ferret,
583 3324 638 3399 et,
660 3337 706 3384 ne
729 3315 989 3385 existimaretur
1014 3335 1096 3384 casu
1120 3313 1235 3407 petius

168 3452 273 3523 quam
294 3429 442 3499 consilio
461 3426 563 3499 fertis
585 3426 705 3514 fuisse,
722 3427 830 3521 hujus
849 3429 981 3500 tribuni
997 3428 1108 3520 plebis
1122 3437 1237 3500 teme-

166 3542 261 3612 ritati
278 3543 347 3614 ista
368 3543 497 3614 restitit
514 3543 687 3630 eratione,
707 3565 824 3636 quam,
848 3538 1076 3637 quibusdam6
1089 3539 1232 3629 additis,

198 3871 207 3904 ¹
225 3869 292 3920 Vide
307 3869 464 3920 Cornelianae
479 3868 601 3918 orationis
618 3866 814 3917 enarrationem.

198 3949 210 3983 ²
225 3949 255 3996 ln
269 3949 298 3998 L.
314 3949 341 3998 C.
357 3948 487 4008 Pisonem,
502 3963 525 3997 e.
540 3962 568 3997 n.

197 4028 318 4092 ³Epist„
333 4028 365 4077 ad
379 4027 410 4086 Q.
425 4028 557 4077 Metellum
571 4026 685 4078 Celerem
700 4043 808 4091 procos,
824 4043 891 4078 anne
907 4029 963 4081 eal.
978 4035 1005 4078 et
1023 4028 1049 4077 in
1068 4030 1098 4079 L.
1114 4027 1143 4081 C.
1163 4028 1238 4080 Pise-

185 4122 236 4165 em,
251 4121 274 4156 c.
289 4121 326 4155 111.

197 4187 209 4221 ⁴
226 4184 331 4243 Brutus,
347 4199 370 4233 o.
387 4198 450 4234 Lxx.

199 4268 250 4313 tet
265 4263 278 4308 t
292 4264 333 4319 Ad
348 4263 475 4324 Atticum,
490 4263 549 4332 sp„
565 4265 610 4314 lib.
625 4265 671 4322 Xl.
686 4281 726 4338 ep.
743 4281 801 4322 κω.
