3024 4944
290 343 334 394 178
393 344 914 400 FRAGMENTA-onnrtonuu
935 341 1263 398 ournnmranuu

289 463 437 548 praesidio
450 464 592 534 fortunae,
617 483 675 541 quo
690 465 910 542 contendisset,
932 467 1037 524 labore
1052 469 1084 524 et
1103 462 1275 522 constantia
1289 480 1364 540 pcr-

289 571 408 632 vcnire.
423 571 617 652 (Asconius.)

294 681 298 688 '
329 679 358 738 4.
375 679 404 738 b.
423 681 474 748 Bt,
490 681 632 755 quoniam
646 687 792 757 congesta
806 682 865 741 suit
879 681 1033 742 accusatio
1047 681 1148 757 magis
1162 696 1274 740 acervo
1288 695 1367 754 quo-

290 787 359 846 dam
380 784 554 858 criminum‚
571 804 630 844 non
652 786 850 846 distinctione
870 788 973 863 aliqua
988 803 1136 863 generum
1152 791 1184 843 et
1198 784 1364 856 varietate,

289 892 503 972 (Severianus,
515 895 655 969 Syntom.
673 895 752 968 rhet,
771 911 800 970 p.
818 895 889 966 334,
903 894 952 954 ed.
967 892 1075 971 Oapp.)
1096 889 1160 969 [liis
1175 893 1206 950 si
1219 890 1368 949 universe

291 998 466 1078 (Charisius
481 1001 521 1069 ΙΙ,
542 1019 572 1076 p.
590 1001 657 1071 198,
672 1003 721 1062 ed.
738 1001 885 1076 Putsch.)
905 1001 1017 1076 polias
1037 1017 1135 1076 qaam
1156 999 1368 1074 oryameatis

293 1107 338 1166 aol
365 1108 501 1182 simpulo
528 1108 742 1182 respondem,
768 1108 885 1166 uidear
906 1124 1016 1164 causae
1037 1114 1137 1181 atque
1156 1105 1271 1178 officio
1296 1121 1369 1160 meo

293 1214 375 1272 satis
394 1213 525 1287 secisse.
550 1214 774 1274 Nihilominus
801 1223 911 1274 tamea
931 1221 1032 1270 totam
1053 1229 1203 1284 causam,
1219 1210 1367 1283 judices,

296 1320 497 1395 separemus
525 1329 624 1397 atque
654 1331 732 1382 aote
749 1325 865 1382 oculos
893 1321 1078 1395 expositam
1107 1319 1367 1377 consideremus.

296 1425 349 1484 Ita
360 1427 522 1500 facillime
538 1435 569 1486 ct
584 1428 702 1503 quibas
718 1428 758 1487 de
772 1428 868 1486 ream
877 1445 938 1485 mos
952 1426 1059 1485 dicere
1073 1429 1226 1501 oporteat
1240 1425 1370 1502 etquid

296 1552 351 1592 vos
363 1535 457 1610 sequi
471 1536 645 1593 coaceaiat
659 1532 877 1612 intellipetis]

336 1642 366 1702 4.
391 1660 420 1701 c.
442 1643 602 1702 Bostarem
616 1641 712 1718 igitur
726 1641 886 1717 quemdam
909 1639 984 1699 dicit
1005 1641 1177 1700 Norensem
1199 1639 1372 1716 fugientem

297 1769 314 1808 e
340 1748 483 1809 Sardinia
509 1749 617 1808 Scauri
651 1747 826 1806 adventum.
858 1743 1072 1823 (Severianus,
1096 1747 1238 1821 Syntom.
1271 1747 1370 1820 rhet„

298 1874 328 1930 p.
344 1856 415 1930 337,
431 1851 542 1930 Gapp.)
556 1851 722 1932 [Triarius
742 1854 945 1921 criminator
963 1853 1066 1928 liujus
1085 1853 1260 1911 malitiosis
1276 1853 1374 1911 blaa-

299 1961 390 2018 ditiis
405 1977 422 2018 e
431 1966 521 2035 sapa
539 1968 726 2018 revocatam
750 1967 847 2036 atque
870 1961 1027 2036 hospitali
1046 1977 1166 2019 meacm
1183 1959 1373 2018 adhibitam

300 2082 420 2124 ueacao
444 2064 628 2140 cohospite
650 2075 803 2126 accolam
828 2085 896 2126 esse
919 2065 962 2147 et]
986 2068 1073 2143 prius
1093 2066 1182 2124 illum
1201 2067 1370 2143 sepultum,

300 2187 389 2246 quam
399 2170 471 2228 huic
486 2187 603 2229 coenam
618 2171 779 2230 sublatam.
799 2171 907 2251 (Idem,
923 2171 1064 2247 ibidem.)

340 2278 368 2335 4.
394 2278 425 2336 a.
451 2273 543 2357 [Qum
561 2279 678 2336 oeaeoi
694 2279 767 2336 clati
778 2281 934 2354 suspicio,
946 2282 1093 2359 judices,
1109 2283 1257 2359 primam
1271 2301 1371 2361 qaam

301 2385 379 2442 le'vis
402 2387 457 2458 sit,
482 2387 596 2443 statim
624 2384 810 2460 apparebit,
837 2389 869 2444 si
896 2389 1107 2447 considerare
1121 2392 1294 2450 volueritis
1330 2409 1373 2450 eor

301 2492 414 2566 quibas
436 2492 545 2550 causis
569 2508 655 2548 mors
674 2508 759 2565 slepe
785 2493 915 2551 eoeaiat
939 2495 1141 2575 repentium]
1145 2541 1369 2557 .....

341 2707 371 2765 4.
395 2723 422 2764 e.
445 2705 488 2763 Ia
509 2722 546 2764 ea
572 2704 722 2763 Scaurus
745 2710 888 2779 fortium
910 2716 984 2765 erat
1007 2711 1214 2782 constitutas,
1244 2719 1283 2768 at
1304 2729 1372 2770 moa

301 2814 394 2872 modo
418 2829 498 2870 saas
518 2812 739 2888 possessiones
761 2812 921 2885 facillime
947 2816 1115 2888 reliceret,
1139 2820 1372 2876 verumetiam

300 2937 385 2978 acea
411 2929 521 2994 posset
549 2890 722 2995 acquirere
742 2917 869 2998 potius]
892 2920 985 2996 hona,
1015 2941 1104 2998 quam
1130 2925 1211 2998 quod
1240 2926 1373 2986 habebat

301 3029 430 3088 veniret.
452 3031 594 3106 Agedum
618 3047 675 3105 ego
703 3028 825 3088 defendi
848 3029 1013 3101 Scaurum,
1040 3029 1162 3108 Triari3
1190 3030 1317 3091 defende
1339 3039 1372 3094 tu

298 3141 445 3196 matrcem
458 3133 633 3218 [Bostaris,
648 3153 748 3214 qaam
761 3138 869 3212 ipsam
883 3154 990 3212 arpalo
1002 3137 1078 3196 laio
1091 3138 1198 3212 calpae
1208 3156 1277 3197 esse
1291 3142 1377 3216 affi-

302 3242 402 3323 aem}
421 3245 522 3303 Oodex
536 3241 786 3321 Ambrosianus)

341 3349 517 3430 [Resataoi
539 3353 637 3410 etiam
661 3351 758 3420 illaad,
780 3350 867 3426 qaod
889 3348 1076 3429 olicebathe
1091 3357 1298 3425 memoratae
1316 3371 1374 3412 non

302 3459 448 3518 solvendo
466 3457 572 3534 fuisse,
590 3461 667 3517 bona
689 3457 818 3533 denique
839 3474 910 3525 reus
925 3475 962 3516 ne
977 3460 1120 3518 reticere
1138 3459 1288 3536 uoluisse,
1305 3479 1372 3537 qum

300 3564 475 3642 proscripta
493 3575 612 3638 essem,
631 3565 694 3624 nisi
709 3563 862 3643 [Bostare
881 3565 1036 3623 intestato
1056 3567 1241 3626 mortuosic
1256 3569 1372 3642 episset

302 3691 372 3730 eaoa
395 3692 474 3745 rem,
495 3674 594 3749 quasi
608 3673 653 3732 acl
674 3674 782 3747 ipsam
801 3671 970 3730 hereditas
990 3651 1285 3746 pertimeretsaeoe
1306 3673 1372 3733 lacer

301 3782 374 3856 ipsa
389 3783 420 3838 ei
434 3798 538 3840 caasa
553 3781 726 3838 Bostarem
740 3796 862 3837 aeaeae
885 3779 1028 3836 aecaadi
1046 3780 1153 3853 faisse
1174 3777 1371 3858 videretur]
1462 3825 1466 3838 .

301 3886 418 3966 (Codex
434 3883 684 3965 Ambrosianus)

343 3995 372 4054 la.
396 4000 424 4068 f.
448 3993 480 4052 Si
495 3993 624 4069 denique
639 3993 670 4052 in
684 3994 739 4054 ilia
755 3995 832 4053 bona
847 3991 994 4052 invadere
1009 3979 1194 4052 nullomodo
1209 3992 1360 4069 potuisset

301 4100 362 4161 nisi
376 4106 496 4160 mortuo
511 4100 652 4158 Bostare.
668 4099 857 4176 (Arusianus
875 4100 1008 4174 Mcssus,
1025 4118 1054 4174 p.
1071 4099 1142 4158 243.
1161 4098 1267 4177 Lind.)

340 4209 370 4268 5.
394 4207 437 4278 Si,
459 4206 647 4268 mehercule!
671 4205 803 4283 judices
830 4223 886 4282 pro
913 4207 950 4268 L.
976 4205 1095 4266 Tubulo
1120 4204 1265 4282 dicerem,
1289 4225 1376 4283 quem
