3044 4938
311 413 343 462 78
431 411 480 459 nu
500 409 714 460 CICERONIS
736 409 979 482 ORA'I'IQNUM
1000 409 1265 463 FRAGMENTIS

311 537 347 607 in
364 534 571 606 instruendo
589 531 793 628 dissipatus,
815 534 864 604 ita
883 533 1011 626 agebat
1030 545 1069 606 ut
1086 535 1274 606 cachinnos
1296 537 1382 606 irri-

310 650 468 722 dentium
500 672 594 740 saepo
621 660 875 738 connnoveret‚
905 657 939 719 et
963 650 1011 719 ita
1035 651 1244 722 meminerat
1262 662 1297 722 nt
1315 651 1378 723 de-

310 764 429 838 fensor
449 763 723 836 elimassidere1
744 775 861 836 mutus
880 774 1079 856 cogeretur,
1101 775 1244 861 propter
1264 776 1380 838 tamen

311 881 500 953 verborum
521 879 742 973 splendorem
765 890 798 950 et
818 882 963 975 copiam,
979 881 1104 950 tertius
1120 882 1164 952 ab
1183 883 1380 976 aequalibus

310 998 557 1068 aestimaretur.
589 995 752 1066 Attamen
788 995 900 1088 magis
928 999 1077 1088 egestati
1104 1017 1145 1067 ao
1175 999 1381 1092 turpitudini

306 1113 465 1206 judicum
486 1103 591 1206 q'uam
609 1110 818 1205 eloquentiae
836 1111 975 1204 patroni
996 1113 1050 1182 sui
1073 1113 1113 1183 P=
1137 1113 1280 1186 Clodius
1295 1139 1381 1186 con-

312 1228 441 1301 fidebat
467 1253 475 1298 :
501 1230 638 1322 itaque,
662 1227 745 1297 dum
769 1227 907 1320 judices
926 1227 1027 1298 XXV
1044 1230 1160 1322 perire
1181 1230 1382 1303 maluerunt

312 1369 416 1440 quam
431 1344 579 1440 perdere
595 1346 711 1416 onmia
721 1341 746 1431 ²,
765 1344 882 1414 XXXI
897 1342 1054 1432 fuerunt,
1073 1370 1157 1440 quos
1172 1345 1285 1418 fames
1305 1373 1380 1420 ma-

313 1463 370 1554 gis
397 1482 500 1556 quam
529 1458 624 1532 lama
652 1460 860 1547 commovit,
890 1461 1015 1554 quique
1038 1486 1117 1532 eum
1143 1463 1379 1536 indemnatum

313 1578 533 1648 dimiserunt.
552 1577 668 1669 Hujus
688 1575 919 1654 absolutionis
937 1574 1118 1648 infamiam
1133 1577 1277 1651 Clodius
1294 1581 1381 1651 tule-

313 1704 369 1766 rat
391 1693 567 1764 Ciceronis
588 1691 769 1774 beneficio,
793 1691 864 1784 qui,
892 1692 989 1761 testis
1017 1693 1221 1785 productuS,
1244 1695 1379 1767 dixerat

314 1809 471 1880 Clodium
488 1830 560 1877 non
580 1807 698 1878 eadam
726 1806 812 1877 hora
834 1806 1046 1877 Interamnae
1070 1831 1147 1880 esse
1168 1812 1324 1902 potuisse
1343 1835 1381 1882 ao

314 1926 450 1994 Romae.
470 1923 540 1994 Cur
555 1931 670 1994 autem
693 1923 888 1993 testimonio
905 1924 1113 2014 gravissimo
1132 1948 1233 1996 reum
1251 1927 1300 1997 ita
1317 1951 1380 2021 op—

315 2038 499 2133 pressisset
510 2061 612 2109 nemo
628 2061 698 2108 non
713 2038 821 2109 novit.
836 2037 932 2120 Quod
952 2040 980 2109 si
996 2039 1098 2110 fidem
1114 2023 1274 2112 Ciceroni
1284 2042 1381 2113 adhi-

315 2152 512 2242 beremus³‚
530 2152 646 2224 odium
667 2154 703 2222 in
722 2153 879 2224 Clodium
896 2157 1133 2229 tantummodo
1149 2157 1284 2246 habuit,
1303 2159 1380 2253 quia

315 2295 394 2343 eum
418 2270 651 2364 perniciosum
677 2271 801 2364 patriae
826 2270 936 2341 civem
958 2268 1034 2340 fore
1059 2271 1226 2363 putabat,
1253 2297 1271 2340 n
1298 2273 1378 2366 qui,

287 2418 292 2430 ·
317 2386 516 2480 turpissima
543 2384 692 2455 libidine
716 2384 891 2471 incensus,
922 2383 1010 2457 duas
1041 2361 1098 2455 res
1130 2387 1378 2474 sanctissimas,

318 2497 528 2590 religionem
556 2508 589 2567 et
616 2498 839 2590 pudicitiam,
866 2521 946 2568 cum
969 2500 1101 2572 scelere
1126 2527 1144 2570 »
1165 2503 1379 2592 violaverat3

318 2636 440 2684 verum
461 2613 595 2692 Clodia,
616 2613 726 2683 Clodii
747 2637 860 2697 soror,
883 2606 995 2708 neque
1019 2615 1187 2710 injuriam
1209 2617 1381 2689 aTeren-

318 2730 367 2799 tia
386 2727 520 2800 illatam
539 2726 647 2797 oblita
668 2737 763 2817 erat,
785 2750 850 2799 nec
867 2729 1073 2821 deposuerat
1092 2732 1300 2802 memoriam
1318 2732 1382 2801 do·-

318 2845 403 2916 loris
423 2846 477 2916 sui
489 2869 498 2934 ;
521 2854 555 2916 et
577 2843 745 2914 Terentia
763 2853 916 2937 optatam
930 2846 1159 2932 occasionem,
1182 2867 1287 2941 quam
1307 2854 1382 2917 stu-

318 2987 420 3057 prum
446 2959 639 3032 nefandum
663 2959 753 3031 illud
773 2959 972 3054 praebebat,
998 2962 1196 3034 avidissime
1219 2962 1380 3055 arripuit,
1425 3034 1431 3049 x
1515 3059 1516 3066 ἵ

318 3080 367 3149 ita
382 3089 421 3148 ut
440 3087 558 3148 mutuo
577 3083 681 3169 atque
696 3075 819 3145 intimo
836 3075 913 3145 odio
930 3075 1072 3146 Clodius
1087 3086 1122 3148 et
1137 3076 1259 3148 Cicero
1268 3078 1383 3150 statim

318 3193 515 3286 flagrarint.
542 3191 652 3283 Ergo,
672 3212 778 3284 quum
803 3191 990 3284 quaestoria
1016 3201 1188 3284 potestate
1209 3191 1273 3263 illo
1292 3216 1382 3264 anno

320 3307 531 3402 fungeretur
544 3361 552 3396 ,
579 3307 620 3376 Ρ.
647 3304 788 3376 Clodius
812 3315 932 3377 testem
952 3303 1229 3378 infensissimum
1253 3331 1323 3377 non
1350 3307 1383 3375 in

321 3433 465 3520 senatu,
494 3421 555 3494 sed
579 3420 672 3515 apud
693 3420 880 3515 populum,
909 3421 1010 3491 nulla
1033 3443 1132 3491 mora
1155 3421 1383 3512 interposita,

320 3539 512 3630 lacessivit,
529 3537 762 3632 impugnavit,
782 3537 924 3608 invidiae
941 3561 1046 3609 causa
1060 3537 1209 3632 quotidie
1223 3539 1386 3609 nomina-

320 3655 384 3745 vit,
406 3654 629 3741 denuntians,
648 3661 687 3724 ut
714 3654 853 3724 inimico
882 3663 1053 3725 terrorem
1075 3654 1263 3740 incuteret,
1286 3675 1324 3724 se
1348 3651 1389 3724 ad

322 3769 460 3866 plebem
471 3771 548 3864 jam
563 3791 641 3841 esse
658 3773 905 3841 transiturum.
927 3768 1007 3839 Non
1026 3770 1056 3840 is
1076 3778 1151 3840 erat
1170 3778 1290 3839 noster
1305 3791 1386 3840 ora-

323 3893 379 3956 tor
398 3885 456 3980 qui
475 3885 565 3957 tales
589 3908 728 3980 pugnas
746 3886 954 3958 detrectaret
974 3896 1034 3957 aut
1058 3885 1228 3980 effugeret
1240 3910 1249 3976 3
1272 3886 1387 3986 itaque
1481 3952 1484 3956 .

355 4101 365 4138 ¹
383 4101 486 4164 Orator,
498 4118 520 4153 c.
532 4116 645 4155 xxxvm.

356 4183 367 4218 ²
383 4182 496 4247 Epistola
512 4185 599 4233 citrta.

355 4263 366 4298 ³
384 4264 471 4314 Oratio
488 4264 519 4314 de
534 4265 671 4328 provinciis
681 4265 866 4324 consularibus,
885 4282 907 4315 c.
923 4279 949 4316 x.
