3024 4944
235 447 240 458 ,
303 396 348 446 142
406 395 656 447 FRAGMENTA
678 393 915 445 ORAT10NUM
938 393 1268 450 DEPERDI'I'ARUM

341 623 388 682 47.
404 621 475 682 boni
494 621 605 682 debent
618 621 731 682 dicere.
749 624 849 698 Atque
863 622 917 683 ille
931 622 1031 698 legem
1045 621 1121 680 mihi
1144 623 1182 682 de
1202 623 1264 683 XII
1279 625 1367 682 tabu-

298 731 337 791 lis
357 730 512 799 recitavit‚
534 749 602 806 quae
624 729 775 806 permittit
796 736 830 790 ut
844 729 942 790 furem
956 725 1047 789 noctu
1062 730 1153 789 liccat
1168 731 1319 805 occidere,
1336 738 1364 790 et

298 841 377 916 lucc,
395 840 421 899 si
436 857 469 900 se
480 841 542 899 telo
556 838 712 916 defendat3
736 844 766 899 et
779 840 879 916 Iegem
893 839 1048 917 antiquam
1070 842 1107 899 de
1125 840 1246 917 legibus
1262 858 1368 899 sacra-

297 947 349 1017 tis,
368 963 435 1022 quae
447 948 555 1024 jubeat
568 945 691 1022 impune
714 945 810 1004 occidi
825 965 894 1006 eum
909 946 960 1023 qui
975 947 1132 1006 tribunum
1148 947 1247 1024 plebiS
1262 948 1366 1023 pulsa·

297 1051 389 1112 verit.
408 1051 507 1128 Nihil,
523 1058 557 1111 ut
572 1052 690 1128 opinor,
708 1058 858 1129 praeterea
874 1053 910 1111 de
920 1053 1051 1129 legibus.

337 1161 387 1220 48.
412 1161 479 1231 Qua
488 1159 519 1218 in
528 1178 562 1219 re
575 1160 632 1219 hoc
646 1160 778 1237 primum
788 1179 903 1237 quaero,
921 1161 992 1237 quid
1009 1163 1045 1220 ad
1058 1162 1115 1221 hoc
1122 1161 1273 1240 judicium
1287 1163 1366 1222 rcci-

297 1267 358 1328 tari
371 1267 448 1328 istas
473 1268 557 1344 leges
574 1267 775 1344 pertinuerit?
792 1268 874 1327 Num
889 1285 979 1344 quem
996 1269 1155 1327 tribunum
1169 1269 1266 1345 plebis
1282 1269 1367 1329 servi

297 1376 340 1435 M.
366 1373 463 1434 Tullii
487 1374 710 1450 pulsaverunt?
725 1374 794 1433 Non
809 1373 927 1451 opinor.
945 1375 1027 1435 Num
1039 1371 1174 1433 furatum
1189 1376 1312 1434 domurn
1330 1377 1365 1434 P.

296 1479 386 1540 Fabii
400 1484 493 1538 noctu
503 1479 674 1538 veneranti
688 1479 736 1539 Ne
749 1477 781 1537 id
795 1479 927 1555 quidem.
944 1480 1027 1548 Num
1039 1481 1109 1539 luce
1122 1478 1257 1540 iuratum
1271 1499 1368 1540 vene-

296 1592 407 1648 ruutet
419 1605 452 1646 se
462 1585 523 1646 telo
534 1584 756 1645 defenderunt?
771 1585 839 1644 Dici
850 1605 910 1645 non
919 1592 1029 1664 potest.
1046 1587 1131 1664 Ergo
1146 1587 1215 1646 istis
1229 1587 1365 1664 legibus,

296 1711 371 1770 quas
385 1691 538 1767 recitasti,
554 1698 638 1751 certe
652 1710 712 1751 non
733 1691 833 1768 potuit
847 1691 939 1752 IstIus
954 1692 1072 1753 familia
1087 1711 1193 1754 servos
1207 1695 1251 1754 M.
1269 1693 1366 1753 Tullii

295 1798 444 1860 occidere.
1020 1867 1024 1874 ,

334 1907 384 1968 49.
407 1907 488 1976 Non,
507 1907 619 1984 inquit,
637 1908 675 1968 ad
689 1925 756 1967 eam
770 1925 835 1968 rem
849 1907 990 1986 recitavi,
1016 1909 1068 1970 sed
1084 1915 1117 1969 nt
1130 1907 1188 1970 hoc
1202 1907 1365 1985 intellige-

294 2035 415 2078 resnou
426 2019 528 2078 vIsum
540 2037 608 2079 esse
618 2019 785 2098 majoribus
796 2018 980 2079 nostristam
995 2019 1156 2096 iudignum
1165 2019 1246 2078 Istuc
1259 2014 1363 2078 ne'scio

295 2123 378 2200 quid,
394 2142 484 2201 quam
498 2130 532 2184 tu
546 2131 646 2201 potae,
664 2125 817 2184 hominem
827 2123 935 2183 occidi.
952 2121 1093 2182 Primum
1105 2123 1166 2182 ista
1176 2123 1228 2181 Iex
1242 2129 1364 2182 sacrata

218 2223 221 2230 ’
294 2235 351 2306 est,
382 2249 470 2306 quam
494 2236 645 2307 rogarunt
663 2231 785 2304 armati,
804 2235 838 2288 ut
857 2230 992 2288 inermes
1005 2228 1072 2288 sine
1085 2228 1221 2306 periculo
1237 2235 1365 2306 possent

293 2355 377 2398 esse.
388 2339 489 2409 Quare
503 2357 562 2398 non
581 2338 707 2417 iujuria‚
735 2356 793 2414 quo
807 2338 990 2413 magistratu
1009 2336 1134 2395 munitae
1158 2337 1243 2412 leges
1273 2339 1360 2404 sunt,

294 2447 360 2523 ejus
374 2445 575 2521 magistratus
591 2461 702 2522 corpus
716 2445 838 2521 legibus
852 2444 1002 2502 vallatum
1016 2459 1083 2502 esse
1092 2443 1268 2503 voluerunt.

333 2553 382 2614 50.
406 2553 531 2628 Furem,
548 2553 604 2611 hoc
619 2559 677 2630 est,
693 2553 867 2629 praedonem
882 2556 912 2611 et
925 2552 1086 2620 latronem,
1103 2551 1174 2609 luce
1187 2547 1284 2608 occidi
1301 2567 1362 2607 ve-

292 2666 359 2721 tant
371 2661 433 2721 XII
446 2661 560 2720 tabulae
578 2681 584 2720 :
601 2677 693 2736 quum
707 2661 790 2722 intra
800 2661 932 2738 parietes
941 2665 1010 2719 tuos
1022 2660 1140 2718 hostem
1150 2658 1359 2719 certissimum

293 2775 407 2840 teneas,
425 2769 486 2828 nisi
502 2787 534 2829 se
548 2768 609 2828 telo
625 2767 770 2845 defendit,
787 2767 898 2844 inquIt,
915 2768 1007 2826 etiam
1024 2766 1050 2826 si
1065 2784 1133 2824 cum
1148 2766 1209 2825 telo
1223 2766 1361 2835 venerit,

293 2877 353 2937 nisi
368 2883 472 2956 utetur
489 2879 551 2937 telo
566 2895 601 2936 eo
621 2896 655 2936 ac
670 2876 865 2954 repugnabit,
892 2895 952 2935 non
976 2877 1105 2935 occides.
1122 2874 1209 2946 Quod
1223 2874 1250 2932 si
1265 2892 1360 2950 repu-

292 2993 376 3062 gnat,
394 2969 628 3062 nnnornoanm,
654 2985 711 3043 hoc
733 2991 790 3054 est,
814 2985 1012 3060 conclamato,
1029 2989 1063 3042 ut
1077 2983 1172 3059 aliqui
1187 2983 1315 3042 audIant
1330 2988 1361 3041 et

292 3090 483 3153 conveniant.
504 3092 590 3163 'Quid
613 3093 651 3151 ad
670 3093 748 3150 hauc
762 3091 954 3152 clementiam
969 3090 1040 3150 addi
1055 3095 1163 3167 potest,
1182 3089 1233 3166 qui
1249 3108 1287 3148 ne
1303 3091 1361 3148 hoc

292 3199 414 3276 quidem
437 3197 646 3277 permiserint,
667 3204 702 3256 ut
717 3198 798 3256 domi
812 3215 876 3257 suae
891 3203 982 3275 caput
998 3215 1085 3258 suum
1101 3197 1166 3256 sine
1180 3197 1314 3256 testibus
1329 3202 1371 3256 et·

291 3305 419 3365 arbitris
433 3304 517 3364 ferro
532 3302 696 3363 defendere
711 3304 839 3363 licerett

330 3414 381 3475 51.
405 3409 480 3485 Quis
494 3419 541 3473 est
565 3412 614 3473 cui
634 3412 732 3488 magis
755 3411 873 3489 Ignosoi
888 3413 1062 3486 conveniat,
1082 3412 1223 3489 quoniam
1247 3431 1296 3471 me
1320 3411 1357 3471 ad

290 3522 351 3581 XII
369 3522 488 3620 tabulas
506 3537 643 3596 revocas,
665 3538 754 3596 quam
771 3519 879 3602 siquis
894 3539 982 3597 quem
1001 3519 1179 3596 Imprudens
1193 3519 1359 3579 occiderit?

289 3629 397 3698 Nemo,
415 3629 533 3706 opinor.
550 3631 625 3688 Haec
639 3628 720 3686 enim
735 3628 829 3686 tacita
842 3627 894 3686 lex
910 3632 957 3686 est
972 3625 1182 3702 humanitatis,
1199 3632 1233 3686 ut
1248 3627 1286 3684 ab
1300 3627 1359 3684 he-

289 3736 370 3794 mine
384 3736 516 3812 consilii,
533 3755 593 3796 non
604 3737 734 3794 fortunae
749 3752 839 3811 poena
853 3740 1022 3813 repetatur.
1039 3736 1153 3794 Tamen
1168 3735 1296 3813 hujusce
1310 3735 1358 3794 rei

288 3845 410 3920 veniam
423 3843 556 3920 majores
572 3862 631 3902 non
646 3843 803 3901 dederant.
822 3843 901 3903 Nam
920 3842 972 3901 Iex
987 3847 1033 3900 eet
1050 3840 1082 3900 in
1097 3841 1160 3900 XII
1175 3841 1290 3900 tabulis
1306 3863 1313 3901 :
1330 3841 1356 3900 si

286 3970 393 4015 annun
406 3969 499 4014 Manu
509 3968 603 4013 ruem
614 3967 706 4012 naurs
717 3951 726 3986 ¹
738 3966 904 4005 ounnsncrr
907 3991 1354 4010 .........

312 4293 321 4326 ¹
336 4291 456 4336 Ciceronis
470 4295 563 4348 Topica,
579 4304 599 4336 c.
612 4305 672 4336 xvn.
