3044 4938
322 399 365 448 80·
440 397 488 446 Did
510 394 724 446 ctcsnottts
745 391 989 444 ORATIONUM
1011 389 1277 442 hanoniensis

322 527 422 614 parte
442 516 553 588 oratio
581 513 761 586 Ciceronis
787 513 992 584 cohaereret.
1015 510 1203 598 Attamen,
1231 511 1393 606 quamvis

323 633 435 704 libere
451 630 562 702 fluere
577 627 716 702 videtur
732 651 796 700 nec
810 628 937 721 saepius
952 626 1206 714 adhaerescere,
1225 647 1302 697 eam
1315 648 1392 698 esse

323 767 482 820 mancam
498 741 723 816 manifestum
734 754 799 833 est,
818 749 1004 837 propterea
1015 739 1107 835 quod
1116 741 1174 812 vix
1188 763 1259 812 uno
1269 748 1330 814 aut
1339 740 1391 812 ai-

323 873 399 935 tero
417 862 525 935 verbo
539 862 591 934 M.
619 859 761 932 Tullius
787 857 826 929 C.
849 855 1156 929 Curionemlaedit
1187 880 1195 925 :
1231 856 1391 926 novimus

322 977 436 1050 enim1
447 987 566 1048 nostro
576 975 719 1062 oratori,
733 999 840 1070 quum
850 997 908 1046 res
918 981 1011 1046 esset
1023 995 1102 1044 cum
1114 971 1266 1057 inimico,
1278 993 1391 1065 neque

321 1093 432 1167 verba
451 1115 564 1187 neque
588 1091 779 1164 sententias
802 1087 968 1178 defuisse,
995 1098 1098 1182 atque
1118 1111 1197 1160 eum
1219 1087 1256 1157 in
1275 1086 1391 1159 laces-

323 1206 432 1281 sendo
451 1230 522 1278 non
545 1206 730 1300 imparem,
752 1227 874 1298 parem
889 1213 1005 1277 autem
1025 1226 1066 1276 ac
1083 1202 1233 1274 muitum
1252 1223 1390 1294 semper

323 1323 511 1395 exstitisse.

372 1439 429 1510 Ex
456 1435 665 1530 fragmentis
693 1459 773 1531 quae
805 1444 991 1529 supersunt
1024 1443 1128 1528 atque
1160 1458 1203 1505 ex
1236 1434 1279 1506 iis
1312 1455 1390 1528 quae

323 1555 362 1626 Ο.
379 1555 538 1649 Beyerus
552 1551 686 1624 addidit
706 1552 949 1647 adjunxitque,
970 1563 1062 1626 recte
1083 1552 1168 1624 mihi
1184 1552 1304 1624 videor
1324 1573 1389 1622 au-

323 1671 448 1765 gurari
462 1669 554 1742 hanc
568 1669 772 1757 orationem,
792 1691 895 1763 quam
910 1669 1048 1763 quidem
1061 1669 1229 1754 habitam,
1243 1677 1282 1740 ut
1292 1691 1389 1740 suum

325 1787 443 1858 odium
462 1794 650 1875 saturaret,
674 1785 724 1856 M.
748 1785 887 1856 Tullius
904 1786 1105 1879 scripserat,
1126 1784 1164 1854 in
1184 1793 1258 1856 tres
1271 1794 1391 1878 partes

256 1892 260 1898 ’
325 1901 425 1996 quasi
439 1900 587 1993 divisam
603 1922 680 1972 esse
698 1909 800 1993 atque
823 1899 1039 1972 distractam.
1062 1901 1221 1972 Primum
1239 1901 1280 1971 P.
1306 1899 1391 1971 Glo-

325 2017 423 2087 dium
441 2017 622 2110 probrosis
641 2016 861 2088 contumeliis
875 2017 1027 2090 vexabat
1041 2018 1272 2112 violabatque,
1290 2027 1325 2090 et
1340 2016 1392 2087 vi·
1503 2095 1504 2100 ,

326 2134 374 2204 tia
399 2155 582 2227 moresque
603 2132 753 2202 hominis
780 2133 1002 2204 acerbissime
1026 2133 1203 2227 carpebat,
1232 2132 1391 2205 velante
1503 2121 1504 2194 i

269 2279 276 2289 ⁴
325 2247 382 2318 vei
397 2257 475 2342 post
494 2249 532 2319 (t.
559 2248 709 2320 Curione
729 2247 900 2334 lacerato;
920 2249 1058 2344 deinde,
1081 2273 1148 2343 quo
1171 2248 1295 2319 mehus
1320 2249 1390 2318 vim

326 2373 615 2458 venustatemque
624 2362 861 2436 altercationis
872 2363 1028 2458 legentes
1038 2363 1279 2458 degustarent,
1290 2385 1389 2434 suam

326 2502 404 2550 cum
419 2480 558 2550 inimico
573 2501 636 2551 suo
651 2481 908 2551 contentionem
926 2480 963 2550 in
977 2481 1134 2552 oratione
1147 2479 1261 2574 lepide
1276 2479 1391 2552 inter»
1483 2521 1489 2536 ·

326 2595 496 2690 ponebat;
515 2617 556 2668 ac
575 2603 810 2688 postremum,
834 2594 950 2668 verbis
969 2577 1192 2688 gravioribus
1210 2605 1391 2668 senatores
1436 2669 1445 2678 ,

326 2712 529 2807 appellans,
562 2735 685 2784 eorum
707 2708 853 2784 afflictos
876 2713 1009 2784 animos
1029 2711 1264 2784 confirmabat
1288 2720 1391 2806 atque

326 2827 513 2901 excitabat.
539 2827 595 2900 Ad
620 2828 770 2921 primam
797 2829 965 2900 orationis
987 2835 1186 2922 partemne
1211 2827 1390 2898 minimam

326 2943 462 3036 quidem
490 2951 608 3013 notam
636 2941 739 3013 nobis
767 2965 942 3036 apponere
967 2943 1066 3031 licet,
1093 2945 1179 3015 adeo
1203 2942 1390 3034 diligenter

326 3057 458 3131 scholia
481 3057 668 3128 Bobiensia
691 3058 878 3130 verborum
901 3061 1054 3132 omnium
1074 3061 1230 3154 pondera
1255 3057 1390 3129 exami-

326 3175 434 3247 navit.
453 3174 518 3260 Ita,
538 3174 574 3243 in
593 3173 779 3266 principio,
806 3197 870 3246 nos
889 3176 1053 3249 admonet
1077 3199 1181 3270 quam
1200 3173 1390 3248 artificioso
1502 3187 1503 3208 t

326 3289 466 3370 exordio
481 3288 601 3360 Cicero
618 3298 773 3362 uteretur
787 3314 795 3378 3
816 3314 929 3384 neque
942 3292 978 3364 id
992 3292 1123 3386 injuria
1141 3317 1148 3362 :
1167 3301 1288 3364 noster
1297 3292 1399 3364 enim.

325 3407 434 3480 scibat
461 3429 531 3477 non
566 3404 730 3478 modoet
759 3427 858 3476 suam
890 3408 1096 3501 patientiam
1123 3409 1199 3480 sinc
1231 3407 1385 3480 molestia

319 3525 468 3619 jactare,
500 3530 534 3594 et
559 3520 764 3594 modestiam
792 3523 829 3594 in
856 3524 1053 3595 testimonio
1080 3524 1225 3595 dicendo
1251 3545 1386 3594 memo·

325 3662 416 3730 rare,
431 3648 465 3710 et
478 3661 579 3710 suam
592 3638 801 3730 dignitatem
815 3664 895 3711 cum
907 3641 1110 3734 reipublicae
1120 3640 1293 3732 dignitate
1307 3647 1387 3710 con-

321 3756 491 3849 jungere,
514 3762 548 3824 et
571 3753 711 3825 tandem
737 3752 960 3845 damnatione
981 3777 1125 3849 prorsus
1145 3755 1291 3847 dignum
1310 3775 1386 3824 esse

355 4005 436 4054 1Ηοι)
454 4004 558 4054 scholiae
578 4003 722 4053 Bobiensiae
738 4005 764 4054 in
781 4006 895 4055 oratione
913 4007 939 4055 in
954 4006 1086 4057 Vatinium
1107 4009 1222 4054 nostram
1242 4003 1385 4067 opinionem

320 4085 470 4134 confirmat:
488 4083 562 4143 «Qui
577 4089 662 4133 tamen
675 4084 751 4134 Curio
772 4085 911 4134 honorifice
926 4100 991 4135 nunc
1006 4102 1021 4136 a
1036 4085 1120 4134 'I'uliio
1135 4085 1294 4143 nominatur,
1310 4095 1386 4146 quum

322 4161 485 4218 vehementer
497 4166 522 4212 et
531 4175 620 4226 aspero
631 4161 757 4211 laceratus
771 4162 806 4212 sit
819 4163 851 4212 ab
866 4162 955 4212 eodem
964 4162 991 4212 in
1003 4163 1128 4222 oratione,
1147 4177 1197 4226 qun
1212 4169 1238 4212 et
1253 4163 1349 4225 ispsum
1364 4162 1387 4208 et

324 4241 355 4294 P.
368 4241 485 4298 Clodium
499 4241 635 4292 lacessivit.
649 4261 661 4288 u
675 4241 713 4301 (C.
730 4257 757 4302 x,
772 4242 806 4304 1.)
