3044 4938
268 360 299 410 50
386 355 435 408 DE
456 350 669 404 CICERONIS
690 345 932 401 ORATIONUM
953 343 1219 396 rnaeuanrls

270 474 472 563 sceleribus,
490 495 561 546 una
579 479 696 544 tamen
711 469 850 564 agebat,
864 468 956 564 quod
974 465 1114 563 quidam
1128 463 1217 536 illud
1229 462 1337 558 frag-

270 588 610 662 mentumdeclarat:
631 613 649 658 u
662 587 772 670 Quem
783 587 878 660 enim
893 585 1125 672 autamicum,
1139 581 1336 658 etc.»1nde

270 709 456 803 separatim
477 704 680 795 Catilinam,
702 705 802 798 cujus
825 726 944 775 omnes
957 701 1141 795 ingenium
1155 701 1201 772 ad
1218 699 1336 771 omnia

271 823 568 924 promptissimum
586 818 697 891 fuisse
716 827 904 907 noverunt,
929 816 1238 890 vehementissime
1262 815 1338 885 cri-

272 941 399 1016 minari
414 935 616 1032 incipiebat.
632 935 779 1022 Verum,
802 957 908 1028 quum
927 935 964 1004 in
984 933 1108 1004 ceteris
1127 930 1337 1027 fragmentis

272 1084 360 1154 opus
374 1056 568 1129 oratorium
588 1055 643 1126 hic
663 1052 930 1139 exaedificemns
952 1061 1034 1125 ante
1055 1053 1171 1124 omnia
1187 1053 1339 1148 positum

274 1179 318 1250 sit
332 1176 535 1248 Ciceronem
550 1173 586 1245 in
595 1174 663 1244 ista
671 1172 829 1242 oratione
838 1194 910 1242 non
924 1172 1036 1242 solum
1051 1193 1190 1242 omnem
1203 1161 1340 1241 dicendi

274 1294 425 1366 colorem
444 1288 659 1376 adhibuisse,
681 1288 737 1360 vel
754 1287 970 1382 indignando
991 1287 1051 1360 vel
1072 1287 1269 1360 simulando
1284 1284 1341 1360 vel

273 1411 464 1499 irridendo,
487 1409 548 1482 sed
574 1409 677 1482 etiam
704 1409 884 1502 singulari,
903 1427 1010 1506 opere
1033 1419 1177 1505 arteque
1205 1433 1341 1484 summa

275 1529 467 1603 sententias
494 1527 724 1616 illuminasse,
751 1535 855 1622 atque
877 1536 997 1622 aperte
1025 1528 1164 1600 omnius
1195 1527 1340 1624 generis

275 1647 543 1721 concinnitatem
570 1665 646 1715 esse
676 1649 912 1716 consectatum
940 1670 947 1716 :
971 1643 1072 1716 illum
1099 1645 1199 1718 enim
1224 1647 1338 1734 dicas,

277 1785 477 1862 quanquam
496 1761 589 1856 apud
615 1768 773 1832 senatum
791 1759 803 1800 ¹
822 1761 966 1834 vitanda
989 1771 1042 1836 est
1070 1757 1174 1837 etiam
1200 1763 1335 1856 ingenii

277 1877 520 1952 ostentationis
545 1876 707 1970 suspicio,
734 1877 896 1950 omnibus
921 1879 1075 1952 artificiis
1102 1879 1152 1950 uti
1173 1879 1338 1968 voluisse,

278 2007 316 2070 ut
333 1994 440 2068 simul
459 1993 703 2085 intelligentiae
721 2001 825 2088 atque
844 1997 982 2068 aurium
1001 1996 1173 2092 voluptati
1198 1992 1344 2068 satisfa«

279 2120 385 2188 ceret.
405 2111 531 2182 Nonne
551 2108 656 2198 enim,
674 2110 825 2204 exempli
840 2112 967 2205 gratia,
990 2137 1097 2208 quum
1111 2135 1234 2186 causas
1247 2109 1343 2185 indi-

280 2237 387 2316 caret,
409 2233 551 2320 propter
572 2247 656 2319 quas
672 2225 825 2298 Catilina
843 2251 913 2298 non
939 2231 1053 2302 minus
1078 2231 1213 2302 senatui
1241 2250 1345 2324 quam

280 2344 406 2443 populo
420 2340 581 2414 infensus
597 2351 673 2414 erat
687 2353 791 2437 atque
800 2344 974 2436 inimicus,
991 2349 1033 2420 de
1046 2349 1220 2438 industria
1231 2369 1346 2418 mem·

281 2461 408 2532 bratim
420 2453 606 2550 caesimque
623 2457 784 2531 trahebat
796 2461 999 2553 orationem,
1013 2474 1052 2536 ut
1064 2465 1100 2534 in
1113 2464 1156 2534 iis
1166 2461 1348 2558 fragmen-

283 2579 349 2648 tis:
366 2599 383 2644 «
400 2574 475 2645 Nec
488 2571 605 2665 sejam
616 2581 704 2666 tum,
717 2583 841 2646 etc.-
855 2578 894 2649 ln
904 2579 1046 2673 judiciis
1058 2579 1265 2674 quantavis,
1275 2585 1341 2650 etc.
1427 2625 1429 2630 .

282 2678 520 2784 —Populum
544 2710 643 2775 vero,
661 2698 728 2761 etc.
747 2693 760 2758 t
777 2715 795 2760 a
825 2693 870 2764 At
897 2718 967 2765 non
992 2697 1103 2767 solum
1124 2694 1348 2768 adversarios

284 2830 365 2878 suos
384 2805 513 2878 acriter
528 2803 816 2897 aggrediebatur,
838 2809 899 2880 sed
918 2809 1065 2886 curabat
1077 2809 1349 2905 providebatque

284 2932 321 2994 ut
343 2921 474 2993 scirent
494 2919 645 2992 Romani
664 2924 948 3016 competitoribus
972 2951 1046 2999 rem
1064 2949 1141 3000 esse
1159 2950 1237 2999 oum
1256 2928 1347 3014 viro,

285 3047 392 3133 utque
419 3037 534 3127 inviti,
559 3060 629 3106 nou
649 3037 724 3108 sine
746 3038 863 3129 laude,
891 3065 967 3113 cum
989 3023 1152 3114 istorum
1168 3042 1351 3114 nobilitate

285 3154 396 3248 ipsius
415 3149 674 3242 ignobilitatem
694 3151 897 3228 conferrent
918 3183 925 3228 :
950 3158 1177 3253 quamobrem
1201 3157 1352 3230 dilucide

266 3355 267 3358 Ἴ
286 3268 404 3338 tristes
421 3267 547 3340 Verris
569 3268 682 3340 exitus
694 3271 744 3341 ita
759 3271 979 3364 significabat
1001 3299 1009 3344 :
1034 3299 1052 3343 u
1071 3276 1131 3346 Me
1152 3297 1219 3368 qua
1236 3296 1353 3344 amen·

286 3385 348 3474 tia,
372 3391 438 3454 etc.
458 3393 476 3451 'n
496 3384 572 3454 Hoc
585 3384 621 3454 in
637 3384 713 3457 loco
728 3394 846 3458 tamen
860 3389 1019 3481 quaedam
1037 3389 1113 3462 sine
1126 3389 1233 3460 dubio
1252 3387 1352 3460 desi-

286 3499 454 3571 derantur
464 3529 476 3594 ‚³
498 3522 592 3587 nam,
610 3524 717 3595 quum
736 3503 773 3571 in
788 3502 901 3574 vicem
916 3503 1067 3576 Antonio
1087 3528 1244 3576 seorsum
1265 3527 1354 3575 con-

286 3616 410 3687 viciari
420 3614 610 3706 debuisset,
623 3622 811 3712 utrumque
826 3642 950 3690 rursus
961 3620 1157 3712 accusabat,
1175 3621 1224 3691 ita
1236 3627 1354 3692 autem

287 3711 325 3801 ut
344 3733 519 3804 contraria
544 3743 805 3827 opponerentur
834 3759 966 3831 suaque
988 3746 1116 3811 natura
1144 3743 1260 3809 essent
1285 3735 1353 3806 isto

288 3848 387 3920 modo
402 3871 591 3921 numerosa
613 3875 621 3919 ε
642 3875 660 3920 u
681 3848 782 3922 Alter
796 3875 921 3945 pecore
935 3854 1029 3926 omni
1051 3853 1207 3938 vendite,
1221 3861 1287 3924 etc.
1305 3890 1354 3905 —

287 3963 387 4037 Alter
401 3964 539 4036 induxit
559 3988 649 4056 eum,
670 3974 735 4038 etc.
763 3993 781 4035 »
800 3968 934 4052 Quibus
950 3969 1095 4070 flagitiis
1111 3988 1357 4048 commemora·

321 4229 329 4266 ¹
348 4226 385 4274 Dc
400 4224 522 4314 Oratore·
533 4223 577 4282 lib.
594 4224 637 4283 ΙΙΙ,
655 4241 676 4285 c,
692 4240 793 4283 Lxxnu.
