3024 4944
317 359 364 411 140
421 361 672 413 FRAGMENTA
693 361 936 414 ORATIONUM
958 361 1282 414 DEPERDITARUM

317 478 451 538 Cauca¹
470 481 571 538 Tullii
588 487 658 540 tota
677 481 865 540 continetur
877 481 1031 554 pretoria
1045 482 1207 555 formula,
1225 499 1261 540 re
1275 491 1378 558 qesta,

315 589 502 647 adversarii
521 590 725 664 consessione
740 608 751 644 .·
766 589 805 646 de
819 587 870 647 tis
885 605 985 664 quum
999 590 1078 647 cotis
1090 590 1216 648 dictum
1231 591 1284 658 cit,
1303 591 1380 649 reli·
1456 640 1458 644 .

257 739 263 744 -
314 712 378 772 quo
399 696 436 752 io
454 704 565 754 oestro
581 696 648 773 fide
663 713 702 754 ac
716 695 886 773 religione,
908 714 978 756 uon
999 697 1036 756 io
1057 680 1249 771 defensione
1266 703 1380 756 nostro

310 804 500 878 positoecce

350 909 399 968 37.
424 911 490 986 Ego
514 909 670 987 intellig03
691 915 723 969 et
743 917 845 970 tamen
863 909 1027 970 dicendum
1040 915 1086 970 est
1106 910 1198 970 adea
1217 929 1284 986 quae
1305 911 1381 971 dixit
1492 957 1493 960 η

310 1015 464 1086 Quintius,
481 1035 540 1075 nou
555 1035 614 1092 quo
633 1017 671 1076 ad
693 1035 759 1076 rem
778 1018 942 1095 pertineat,
961 1017 1071 1076 sedne
1095 1016 1180 1092 quid,
1206 1017 1279 1092 quia
1301 1036 1379 1078 ame

307 1121 549 1198 praetermissum
563 1123 615 1198 sit,
630 1141 687 1201 pro
702 1141 848 1184 concesso
863 1128 1000 1200 putetur.

347 1230 398 1288 38.
421 1229 506 1290 Dicis
527 1236 668 1306 oportere
692 1231 790 1307 quaeri
812 1231 950 1292 homines
973 1233 1019 1294 M.
1044 1231 1142 1294 Tullii
1154 1231 1271 1310 injuria
1286 1231 1379 1292 occisi

307 1341 410 1395 essent
424 1355 544 1398 nco-ne.
562 1341 606 1400 De
621 1359 679 1416 quo
692 1340 749 1399 hoc
763 1339 897 1417 primum
911 1357 1026 1415 quaero,
1039 1340 1161 1400 venerit
1170 1358 1205 1399 ea
1219 1358 1271 1400 res
1282 1341 1315 1399 in
1325 1341 1379 1399 hoc
1492 1315 1493 1336 ³

303 1442 455 1519 judicium
471 1463 594 1506 nce-nc.
619 1445 653 1524 Si
672 1465 732 1506 non
745 1445 843 1521 venit,
861 1445 934 1521 quid
949 1445 1059 1505 attinet
1073 1451 1126 1506 aut
1139 1465 1194 1506 nos
1207 1446 1314 1506 dicere
1327 1452 1376 1506 aut
1445 1501 1449 1518 ,

308 1566 361 1607 nos
376 1550 532 1627 quaereret
548 1551 581 1611 si
596 1557 697 1611 autem
712 1551 809 1626 venit,
825 1549 899 1626 quid
923 1550 1050 1610 attinuit
1063 1556 1093 1610 te
1107 1557 1170 1610 tam
1183 1552 1291 1612 multis
1306 1570 1378 1612 ver-

306 1658 352 1734 bis
373 1677 392 1718 a
413 1665 548 1735 praetore
566 1660 724 1735 postulare
747 1665 781 1719 ut
803 1659 929 1718 adderet
948 1659 980 1718 in
996 1659 1148 1737 judicium
1171 1677 1318 1738 insuam
1335 1666 1373 1735 et,

305 1766 376 1841 quia
390 1785 450 1826 non
464 1767 673 1844 impetrasses,
690 1766 831 1826 tribunos
846 1765 944 1843 plebis
959 1768 1116 1844 appellare
1128 1772 1159 1825 et
1173 1767 1222 1826 hic
1246 1767 1279 1826 in
1290 1767 1374 1846 judi·

305 1867 352 1928 cio
364 1870 452 1944 queri
465 1870 607 1946 praetoris
623 1871 828 1948 iniquitatem,
846 1872 926 1947 quod
942 1871 979 1930 de
998 1871 1114 1949 injuria
1127 1890 1186 1931 non
1200 1871 1374 1932 addiderit?

275 1997 278 2001 ·
342 1975 392 2036 39.
417 1978 606 2052 Haec·quum
625 1983 790 2054 praetorem
802 1979 991 2054 postulabas,
1009 1995 1103 2054 quum
1118 1978 1258 2038 tribunos
1274 1979 1374 2057 appel·

303 2082 403 2153 lebas,
419 2101 535 2162 nempe
560 2087 608 2144 ito
629 2085 753 2144 dicebas
767 2090 948 2161 potestatem
963 2085 1020 2144 tibi
1033 2085 1110 2144 fieri
1117 2086 1270 2162 oportere,
1288 2092 1333 2164 ut,
1349 2087 1373 2145 si
1418 2079 1419 2086 '

303 2208 420 2266 posses,
438 2191 699 2268 reciperatoribus
713 2192 916 2268 persuaderes
930 2210 990 2251 non
1005 2209 1074 2250 esse
1088 2191 1202 2270 injuria
1212 2193 1256 2252 M.
1266 2193 1372 2252 ‘Tullio

303 2296 446 2355 damnum
467 2298 584 2360 datum.
610 2298 697 2369 Quod
715 2316 790 2374 ergo
805 2298 873 2358 ideo
885 2297 917 2355 in
927 2298 1080 2375 judicium
1094 2299 1166 2358 addi
1186 2299 1325 2370 voluisti,
1341 2306 1373 2359 ut

303 2405 340 2464 de
363 2424 398 2466 eo
418 2406 473 2465 tibi
496 2408 577 2483 apud
602 2407 827 2483 reciperatores
852 2407 955 2470 dicere
978 2407 1097 2482 liceret,
1118 2426 1154 2466 eo
1174 2426 1234 2466 non
1255 2407 1370 2476 addito,

303 2511 400 2570 nihilo
415 2512 515 2571 minus
531 2518 632 2572 tamen
654 2513 698 2572 ita
712 2513 802 2585 dicis,
819 2513 906 2588 quasi
929 2511 960 2571 id
978 2511 1089 2589 ipsum,
1106 2531 1124 2573 a
1144 2531 1203 2589 quo
1226 2514 1371 2592 depulsus

303 2636 346 2686 es,
363 2604 557 2695 impetrarist
574 2623 614 2679 At
632 2620 741 2696 quibus
764 2619 870 2680 verbis
885 2619 917 2677 in
930 2619 1120 2678 decernendo
1139 2620 1285 2680 Metellus
1300 2639 1371 2680 usus

302 2735 349 2788 cst
364 2729 520 2805 ceterique
540 2747 615 2805 quos
632 2727 809 2806 appellasti?
824 2729 934 2790 Nonne
958 2729 1024 2788 hacc
1038 2728 1174 2788 omnium
1187 2729 1246 2788 fuit
1260 2729 1369 2805 oratio,

302 2837 381 2914 quod
397 2837 427 2895 vi
442 2835 616 2896 hominibus
630 2835 756 2896 armatis
779 2834 933 2894 coactisve
947 2834 1066 2894 familia
1078 2833 1189 2894 iecisse
1204 2835 1369 2906 diceretur,

301 2946 332 3004 id
348 2945 471 3004 tametsi
483 2946 568 3006 nullo
579 2948 650 3022 jure
664 2943 732 3002 fieri
744 2942 889 3020 potuerit,
907 2948 1052 3002 tamense
1066 2943 1145 3002 nihil
1155 2943 1333 3004 additurosl

342 3053 391 3114 40.
414 3055 454 3112 Et
474 3058 568 3126 recte,
593 3050 827 3126 reciperatores.
860 3051 951 3126 Nam,
983 3069 1087 3126 quum,
1115 3049 1257 3127 perfugio
1284 3049 1370 3111 nullo

302 3159 477 3235 constituto,
489 3164 590 3218 tamen
604 3158 669 3216 haec
678 3157 794 3216 scelera
805 3157 890 3216 servi
899 3156 1100 3216 audacissime
1112 3156 1238 3231 iaciant,
1256 3157 1369 3218 domini

301 3258 797 3343 impudentissimeconfiteantur,
814 3261 887 3337 quid
904 3261 1034 3320 censetis
1047 3262 1124 3334 iore,
1148 3262 1174 3322 si
1190 3269 1308 3339 praetor
1318 3267 1370 3341 ju-

302 3371 382 3430 dicet
396 3367 544 3448 ejusmodi
568 3367 666 3426 caedes
685 3367 753 3426 fieri
768 3369 839 3445 jure
857 3369 964 3444 posset
984 3368 1033 3426 An
1058 3367 1370 3444 quicquaminterest

302 3485 406 3538 utrum
427 3477 628 3554 magistratus
643 3482 767 3553 peccato
792 3475 997 3536 defensionem
1019 3475 1218 3548 constituant,
1241 3494 1279 3534 an
1300 3493 1369 3553 pec·

301 3587 390 3646 candi
404 3592 586 3665 potestatem
600 3585 815 3662 licentiamque
828 3584 1026 3662 permittant?

341 3697 391 3756 41.
414 3694 549 3766 Etenim,
559 3692 791 3769 reciperatores,
809 3710 868 3751 non
883 3692 993 3751 damno
1007 3695 1238 3750 commoventur
1251 3689 1368 3766 magis-

300 3809 400 3863 tratus
414 3809 448 3862 ut
461 3802 493 3860 in
509 3803 574 3860 haec
588 3803 684 3861 verba
695 3799 847 3878 judicium
866 3801 949 3860 dent.
975 3801 1066 3867 Nam,
1091 3799 1120 3856 si
1145 3797 1178 3856 id
1197 3802 1290 3871 esset,
1313 3813 1367 3856 nec

300 3905 522 3983 reciperatores
544 3904 645 3981 potius
659 3904 767 3963 darent
789 3921 879 3982 quam
891 3903 1039 3983 judicem,
1063 3901 1169 3962 necin
1190 3903 1365 3963 universam

300 4015 456 4118 familiam,
466 4014 518 4073 sed
532 4012 564 4072 in
572 4031 641 4072 eum
655 4014 784 4090 quicum
798 4013 977 4073 nominatim
991 4016 1147 4089 ageretur,
1173 4029 1228 4070 neo
1242 4011 1273 4070 in
1289 4030 1366 4086 qua-

328 4255 336 4290 t
352 4251 384 4297 lta
396 4250 484 4302 melius,
497 4254 523 4294 ut
532 4251 622 4306 opinor,
631 4248 749 4306 supplevit
761 4247 883 4296 liederus·
