3044 4938
358 429 509 484 onu'rlo
532 429 579 482 on
602 423 708 481 anes
730 427 1030 482 utuxunnnrno
1198 423 1241 510 ετΙ

160 559 265 630 sciret
285 557 388 650 regni
406 541 636 630 Alexandrini
650 556 892 627 haereditatem
906 554 1074 650 populum
1093 557 1230 628 Roma·-

97 661 103 667 ’
160 699 245 745 num
270 675 367 744 adire
384 674 421 743 in
439 676 554 745 animo
573 673 755 763 habuisse,
781 673 817 742 in
837 671 1027 743 obtinenda
1046 673 1227 743 Romano-

160 814 239 872 rum
249 790 415 860 societate
425 790 651 883 pertinaciter
662 788 870 878 tetenderat,
884 788 979 857 omni
989 811 1120 880 genere
1131 813 1226 860 com-

159 914 314 976 meatum
327 905 362 974 in
380 904 469 975 bello
485 904 678 977 Aristobuli
696 905 899 997 Pompeium
913 902 1111 994 adjuverat,
1127 905 1228 998 large

160 1020 326 1116 pecunias
354 1020 446 1092 inter
468 1020 602 1092 nobiles
630 1019 819 1107 divideret,
848 1041 889 1090 ac
912 1018 1067 1108 tandem,
1090 1020 1230 1092 Caesare

160 1136 322 1222 consule,
341 1134 442 1206 titulo
462 1141 623 1228 exoptato
647 1143 724 1204 erat
743 1141 901 1203 ornatus.
929 1133 1081 1222 Verum,
1106 1142 1145 1205 ut
1168 1158 1231 1228 pro

160 1233 257 1324 certo
273 1250 419 1322 haberet
434 1274 472 1321 se
490 1249 732 1322 tantummodo
746 1249 948 1342 precarium
967 1249 1097 1321 habere
1117 1249 1233 1340 impe-

160 1369 266 1456 rium,
284 1367 387 1461 paulo
403 1374 492 1460 post,
509 1367 549 1438 Ρ.
568 1365 687 1436 Clodio
702 1362 884 1456 rogante¹,
898 1365 948 1434 M.
964 1363 1049 1437 Cato
1060 1364 1229 1459 Cyprum,

160 1484 213 1552 cui
228 1481 416 1577 praefectus
435 1490 512 1553 erat
527 1480 710 1552 Ptolemaei
730 1479 855 1568 frater,
878 1481 916 1550 in
936 1481 1152 1573 provinciam
1170 1502 1234 1551 re·

160 1580 283 1687 digere
306 1597 429 1690 jussus
453 1604 542 1668 erat.
576 1595 652 1678 Qua
680 1617 718 1664 re
743 1595 925 1681 commoti,
954 1593 1187 1666 Alexandrini
1212 1619 1232 1666 a

160 1711 329 1782 Romanis
354 1711 612 1806 quamprimum
631 1707 781 1780 deficere
805 1718 1023 1798 statuerunt,
1051 1718 1085 1781 et
1112 1733 1232 1803 regem

162 1826 408 1898 adversantem
423 1835 750 1921 repugnantemque
765 1825 901 1920 pellere
916 1810 987 1897 uon
1002 1825 1209 1898 dubitarunt
1223 1853 1231 1912 3

160 1951 196 2012 at
222 1941 300 2029 iste,
327 1964 526 2036 quanquam
554 1943 605 2011 M.
629 1941 735 2028 Cato,
758 1942 817 2035 qui
844 1942 886 2013 iis
911 1941 986 2014 fere
1009 1941 1134 2015 diebus
1156 1965 1233 2016 sese

160 2057 324 2128 Rhodum
339 2057 549 2146 contulerat,
573 2061 611 2128 in
630 2056 694 2128 tali
714 2059 905 2130 certamine
921 2081 1021 2130 suam
1036 2060 1230 2131 auctorita—

161 2180 231 2244 tem
265 2173 508 2266 interpositam
535 2196 605 2242 non
635 2174 843 2260 recusabat,
871 2196 912 2243 ea
941 2183 1058 2245 mente
1081 2175 1232 2245 Romam
1267 2243 1268 2250 χ

161 2289 276 2358 statim
295 2288 414 2376 venit,
441 2298 499 2376 ut,
528 2297 652 2359 senatu
670 2290 866 2382 imperante
892 2297 994 2384 atque
1015 2288 1229 2382 adjuvante,

148 2411 304 2498 ‚propter
322 2400 436 2474 faedus
451 2401 595 2491 factum,
613 2404 652 2472 in
668 2426 818 2496 regnum
840 2406 1096 2476 restitueretur.
1111 2405 1183 2476 Res
1196 2403 1232 2472 in

162 2527 284 2590 senatu
308 2528 385 2589 acta
401 2499 465 2604 est,
487 2529 520 2588 et
540 2543 603 2612 per
618 2521 748 2613 aliquot
767 2521 841 2591 dies
857 2541 989 2612 magna
1005 2520 1138 2594 exstitit
1153 2543 1234 2591 con-

162 2633 295 2704 tentio:
315 2633 374 2704 alii
389 2633 482 2704 enim
496 2634 695 2728 AEgyptum
715 2658 785 2704 non
806 2636 884 2728 regi
909 2637 1159 2707 restituendam
1173 2635 1234 2706 sed

161 2747 307 2841 imperio
344 2747 502 2819 Romano
542 2748 775 2840 adjiciendam
814 2773 892 2820 esse
922 2750 1130 2838 censebant3
1170 2749 1233 2822 alii

163 2859 358 2956 Pompeio2,
380 2861 440 2932 alii
460 2863 622 2949 Lentulo,
645 2863 706 2933 alii
724 2863 836 2934 tribus
856 2863 1005 2956 legatis³
1023 2865 1118 2957 regis
1136 2863 1234 2935 redi-

163 2984 237 3046 tum
253 2977 330 3047 dari
346 2975 552 3048 suadebant.
580 2979 715 3049 Verum
737 2977 877 3049 difficile
899 2987 951 3051 est
971 2977 1149 3054 affirmare
1166 3003 1234 3076 qua

163 3092 219 3162 die
239 3115 338 3163 suam
353 3093 547 3163 orationem
564 3093 608 3164 de
629 3115 715 3184 rege
730 3093 977 3168 Alexandrino
997 3095 1119 3170 Cicero
1131 3097 1233 3170 dixe·

163 3205 229 3287 rit3
247 3229 330 3277 nam
348 3231 392 3278 ex
409 3205 620 3300 fragmentis
640 3231 718 3302 quae
744 3219 934 3302 supersunt
954 3210 1058 3304 plane
1075 3220 1230 3306 apparet,

163 3329 202 3392 ut
225 3322 347 3413 opinor
360 3375 369 3411 ,
392 3332 551 3394 nostrum
574 3332 770 3411 oratorem,
793 3323 830 3394 in
854 3328 1028 3399 sententia
1049 3326 1230 3416 habenda,

163 3428 283 3506 Crassi
306 3439 516 3508 sententiam
537 3438 778 3533 impugnasse,
801 3440 860 3532 qui
884 3448 969 3510 tunc
991 3442 1171 3536 temporis,
1196 3453 1234 3516 ut

164 3551 296 3623 scholia
316 3551 504 3625 Bobiensia
523 3577 587 3625 nos
606 3553 747 3642 edocet,
774 3554 817 3625 de
842 3553 1004 3650 AEgyptii
1026 3556 1233 3631 haereditate

162 3656 446 3762 frequentissime
457 3669 726 3764 praejudicatum
740 3692 817 3742 esse
831 3680 1065 3760 asseverarat,
1080 3671 1178 3772 dum,
1192 3673 1230 3744 in

164 3783 311 3878 epistola
339 3784 491 3878 quadam
522 3787 566 3856 ad
592 3783 816 3875 familiaresf,
853 3787 1014 3858 novimus
1041 3787 1078 3860 in
1101 3789 1167 3860 hac
1195 3813 1234 3862 re

196 3975 206 4009 ¹
223 3972 291 4024 Vide
305 3974 430 4024 scholiam
447 3975 612 4026 Bobiensiam
626 3975 651 4026 in
673 3977 787 4027 oratione
801 3991 848 4042 pro
862 3977 891 4029 P.
909 3977 1004 4039 Sexti0,
1020 3967 1114 4040 xaxvt,
1130 3980 1146 4033 3
1166 4009 1192 4018 -
1209 3986 1234 4031 et

164 4057 295 4108 Ciceronis
306 4057 448 4106 orationem
459 4073 506 4122 pro
517 4059 591 4108 domo
602 4073 657 4118 sua,
674 4075 695 4108 c.
711 4074 770 4109 vm.

195 4139 207 4174 ²
223 4139 270 4201 up.
285 4138 317 4188 ad
326 4137 446 4197 Quintum
456 4139 583 4197 Fratrem,
599 4139 645 4190 lib.
660 4140 692 4200 ΙΙ,
709 4154 790 4206 ep.11.

195 4219 207 4253 ³
224 4219 272 4282 Ep.
289 4217 321 4266 ad
336 4217 494 4279 Familiares,
509 4219 553 4270 ΙΙΙ),
569 4221 590 4278 Ι,
605 4233 644 4284 ep.
661 4233 679 4269 r.

195 4299 207 4334 ⁴
223 4299 271 4362 Ep.
287 4299 319 4348 ad
333 4297 494 4358 Familiares,
508 4299 551 4350 lib.
566 4300 586 4359 1,
601 4315 641 4364 ep.
657 4315 674 4350 1.
