3044 4938
373 516 379 522 ¹
416 441 564 494 ORATIO
585 439 625 490 IN
648 439 751 488 Teon
774 435 954 490 CANDIDA
1187 434 1216 484 51

154 570 211 659 tis,
232 591 276 642 ne
298 565 446 640 nimium
467 561 672 650 offenderet,
689 569 792 654 atque
805 566 843 630 ut
860 563 1013 690 attentos
1032 564 1216 628 senatores

153 684 319 774 efficeret,
337 681 517 779 paululum
528 677 732 775 aproposito
747 675 1025 770 digredrebatur,
1041 671 1214 748 hortando

153 803 275 876 Patres
287 807 327 872 ut
347 800 385 870 in
401 799 539 893 incepto
556 803 739 868 manerent
755 816 795 866 ao
819 793 1044 866 vehementer
1061 787 1103 874 Q.
1131 789 1220 860 Mu-

154 920 246 990 cium
267 914 484 1012 appellando,
512 914 584 1009 qui,
605 911 770 984 Catilinae
787 909 918 996 fautor,
939 915 1082 979 senatus
1097 904 1218 978 consi-

101 1063 105 1072 ·
152 1034 210 1106 liis
229 1031 481 1106 intercedebat.
505 1031 581 1132 Qua
597 1031 634 1102 in
652 1036 752 1125 parte
771 1055 778 1100 :
802 1054 820 1100 «
841 1028 893 1102 Te
903 1023 1035 1118 tamen,
1048 1027 1088 1110 Q.
1102 1022 1212 1110 Muci,

154 1159 226 1226 tam
246 1150 347 1238 male,
366 1159 449 1236 etc,
467 1173 486 1217 u
509 1147 611 1220 simul
627 1154 661 1218 et
676 1147 859 1243 quemdam
879 1152 1008 1217 motum
1024 1141 1130 1214 animi
1147 1138 1217 1209 mi·
1331 1199 1335 1206 .

155 1291 276 1344 ramur
294 1266 439 1340 atillam
455 1265 695 1351 calliditatem,
709 1287 777 1359 qua
796 1285 836 1335 ea
846 1263 887 1349 Q.
903 1261 1024 1341 Mucii,
1038 1280 1116 1354 quae
1127 1257 1220 1327 inter

154 1407 192 1456 se
212 1382 492 1456 adversabantur
516 1381 844 1477 repugnabantque,
872 1388 954 1453 ante
973 1376 1089 1450 oculos
1110 1395 1220 1468 expo-

154 1502 271 1574 nebat.
290 1499 402 1572 Paulo
416 1508 506 1599 post,
529 1523 635 1594 quum
653 1500 753 1594 quasi
772 1499 976 1596 praeteriens
990 1491 1216 1587 direptiones,

154 1616 267 1692 caedes
287 1626 320 1688 et
343 1615 482 1692 Antonii
501 1615 725 1711 opprobrium
752 1617 801 1688 sic
825 1615 1037 1687 indicasset:
1062 1607 1213 1700 «Atque
1266 1617 1270 1622 “

153 1740 192 1806 ut
205 1734 311 1808 istum
325 1733 494 1822 omittant,
516 1740 599 1819 etc,
622 1758 641 1802 u
664 1732 708 1806 ad
728 1733 928 1824 Catilinam,
951 1730 1041 1826 quod
1058 1723 1218 1798 coitionis

151 1848 410 1924 firmamentum
435 1858 529 1938 erat,
552 1873 676 1922 rursus
705 1851 879 1923 veniebat.
911 1849 956 1925 At
991 1848 1029 1918 in
1052 1845 1113 1917 illo
1136 1842 1212 1913 loco

153 1963 347 2040 exsultabat
373 1964 537 2042 audacius
564 1966 696 2042 :hodie
715 1967 820 2054 enim,
849 1965 1007 2061 quamvis
1032 1984 1073 2034 ea
1095 1964 1217 2032 carent
1301 2057 1307 2067 .

152 2079 277 2178 spiritu
294 2079 368 2172 illo,
385 2089 527 2179 propter
538 2105 652 2180 quem,
665 2083 789 2176 utipse
802 2083 884 2154 dicit
896 2080 921 2174 ¹,
943 2082 1078 2175 majora
1093 2074 1214 2150 eadem

153 2217 259 2294 quum
281 2206 446 2289 aguntur,
469 2219 573 2292 quam
601 2222 708 2297 quum
733 2197 922 2292 leguntur,
951 2197 1063 2268 videri
1088 2193 1216 2284 solent,

152 2311 301 2411 quodam
316 2313 446 2406 impetu
465 2314 669 2400 excitamur,
687 2316 716 2384 si
738 2313 995 2386 consideremus
1015 2320 1144 2408 quanta
1165 2309 1215 2396 vi,

152 2436 282 2527 quanta
313 2430 511 2521 gravitate,
542 2439 672 2525 quanta
703 2432 881 2504 celeritate
909 2431 1109 2518 verborum,
1138 2449 1218 2521 quae

153 2545 293 2644 quidem
321 2545 456 2617 incisim
483 2547 575 2619 dicta
602 2549 778 2641 aptissime
809 2549 950 2634 cadunt,
974 2548 1218 2640 indignaretur

153 2660 246 2759 quod
260 2661 478 2733 consulatum
495 2672 614 2756 petere
632 2664 698 2754 iste
712 2666 857 2758 auderet
876 2691 883 2734 :
904 2690 923 2734 a
938 2664 990 2737 Te
1004 2686 1102 2750 vero,
1120 2659 1220 2731 Cati-

152 2777 226 2851 lina
244 2772 271 2866 ²,
295 2778 513 2852 consulatum
536 2802 692 2878 sperare,
716 2789 782 2854 etc.
803 2806 821 2850 u
844 2781 919 2854 Neo
938 2787 1118 2852 contentus
1143 2781 1221 2848 erat

152 2901 353 2992 portentosa
368 2890 525 2963 Catilinae
536 2893 669 2965 scelera
688 2917 907 2985 enumerare,
925 2895 1111 2965 immanem
1123 2888 1220 2959 illius

152 3008 394 3080 crudelitatem
408 3017 544 3094 notare,
563 3031 604 3079 ac
617 3031 695 3079 cum
712 3008 823 3080 Sullae
844 3010 992 3101 sicariis,
1009 3034 1087 3082 cum
1097 3008 1219 3082 Luscio

151 3124 232 3206 istc,
249 3147 352 3220 quem
375 3133 509 3196 tantum
533 3125 733 3226 imperitum
759 3109 868 3198 fuisse
896 3125 1111 3218 affirmabat,
1132 3149 1220 3197 con-

152 3237 261 3329 ferre,
297 3249 334 3311 ut
366 3263 410 3311 ex
435 3239 489 3310 his
512 3238 720 3333 fragmentis
742 3250 887 3336 apparet
909 3267 917 3312 :
943 3268 961 3312 u
991 3242 1090 3326 Quod
1116 3249 1219 3336 caput

152 3358 271 3445 etiam,
294 3370 356 3427 etc.
384 3355 541 3439 -Quid
563 3363 601 3427 tu
629 3371 728 3450 potes
749 3359 800 3448 in,
823 3367 887 3429 etc.
912 3359 1140 3453 —Denique
1167 3357 1218 3432 illi

152 3496 302 3566 negare,
319 3481 386 3544 etc.
404 3472 494 3542 -Is
510 3496 595 3566 ergo
615 3480 734 3566 negat,
757 3483 840 3560 etc.;
864 3501 882 3546 »
899 3477 1027 3547 etenim
1048 3474 1216 3569 reliquam

151 3589 309 3684 ejusdem
326 3587 435 3660 uitam
454 3589 592 3682 penitus
621 3589 852 3681 scrutabatur,
875 3599 926 3678 ut,
952 3591 1081 3684 stupris
1103 3589 1220 3660 omni«

151 3704 218 3774 bus
228 3705 304 3799 jam
318 3703 475 3790 detectis
490 3703 533 3776 ab
547 3704 684 3797 incepto
695 3705 898 3799 competitor
913 3712 1095 3798 cogeretur
1108 3703 1216 3775 desis-

150 3828 249 3905 tere3
271 3811 317 3892 ad
333 3819 412 3908 hoc,
433 3842 503 3891 non
520 3842 561 3892 ea
581 3821 739 3900 inunum
759 3820 991 3913 congerebat,
1005 3813 1068 3893 sed
1080 3821 1219 3914 singula

120 3927 124 3936 ’
150 3937 390 4025 enumerabat,
408 3937 458 4008 ita
485 3945 524 4007 ut
546 3935 643 4008 aliud
665 3929 770 4034 ¹super
790 3939 883 4012 aliud
909 3947 1216 4011 commemoratum

182 4158 191 4192 1
208 4157 310 4211 Orator,
324 4171 346 4205 c.
362 4171 470 4206 xxxvu.

181 4236 246 4286 2ct.
263 4237 311 4285 hoc
329 4236 357 4286 L.
374 4235 461 4286 Crassi
479 4252 485 4285 z
505 4236 623 4298 «Brute,
636 4237 697 4301 qnid
714 4237 803 4287 sedeat
819 4256 831 4285 a
849 4244 874 4287 et
888 4238 936 4287 hoc
951 4239 980 4289 C.
992 4237 1101 4300 Gracchi
1119 4253 1124 4284 :
1140 4253 1151 4282 o
1168 4235 1222 4304 Quo

150 4319 228 4366 miser
242 4332 282 4366 me
301 4316 445 4370 conseram?
464 4322 517 4375 »et
539 4317 662 4370 orationis
680 4331 725 4381 pro
746 4316 775 4376 L,
792 4315 900 4374 Murena
921 4315 1118 4389 perorationem,
