<?xml version="1.0" encoding="UTF-8"?>
<!DOCTYPE html PUBLIC "-//W3C//DTD XHTML 1.0 Transitional//EN"
    "http://www.w3.org/TR/xhtml1/DTD/xhtml1-transitional.dtd">
<html xmlns="http://www.w3.org/1999/xhtml" xml:lang="en" lang="en">
 <head>
  <title>
</title>
<meta http-equiv="Content-Type" content="text/html;charset=utf-8" />
  <meta name='ocr-system' content='tesseract 3.04.00' />
  <meta name='ocr-capabilities' content='ocr_page ocr_carea ocr_par ocr_line ocrx_word'/>
</head>
<body>
  <div class='ocr_page' id='page_1' title='image "./demarcitulliici00beligoog_0117.png"; bbox 0 0 3044 4938; ppageno 0'>
   <div class='ocr_carea' id='block_1_1' title="bbox 272 262 1254 387">
    <p class='ocr_par' dir='ltr' id='par_1_1' title="bbox 272 262 1254 387">
     <span class='ocr_line' id='line_1_1' title="bbox 272 262 1254 387; baseline -0.007 -27"><span class='ocrx_word' id='word_1_1' title='bbox 272 308 321 387; x_wconf 51' lang='lat' dir='ltr'>¹ild</span> <span class='ocrx_word' id='word_1_2' title='bbox 415 308 462 358; x_wconf 80' lang='lat' dir='ltr'>DE</span> <span class='ocrx_word' id='word_1_3' title='bbox 478 305 698 358; x_wconf 76' lang='lat' dir='ltr'>cmuacuts</span> <span class='ocrx_word' id='word_1_4' title='bbox 715 306 953 356; x_wconf 79' lang='lat' dir='ltr'>ORATIONUM</span> <span class='ocrx_word' id='word_1_5' title='bbox 967 262 1254 366; x_wconf 49' lang='lat' dir='ltr'>FRAGMEVTIS,</span> 
     </span>
    </p>
   </div>
   <div class='ocr_carea' id='block_1_2' title="bbox 189 425 1357 3276">
    <p class='ocr_par' dir='ltr' id='par_1_2' title="bbox 189 425 1357 3276">
     <span class='ocr_line' id='line_1_2' title="bbox 287 425 1356 522; baseline -0.002 -22"><span class='ocrx_word' id='word_1_6' title='bbox 287 433 366 501; x_wconf 84' lang='lat' dir='ltr'>rem</span> <span class='ocrx_word' id='word_1_7' title='bbox 383 451 512 500; x_wconf 86' lang='lat' dir='ltr'>novam</span> <span class='ocrx_word' id='word_1_8' title='bbox 535 451 624 516; x_wconf 90' lang='lat' dir='ltr'>esse,</span> <span class='ocrx_word' id='word_1_9' title='bbox 646 434 827 520; x_wconf 86' lang='lat' dir='ltr'>magnam,</span> <span class='ocrx_word' id='word_1_10' title='bbox 850 426 895 498; x_wconf 91' lang='lat' dir='ltr'>ad</span> <span class='ocrx_word' id='word_1_11' title='bbox 913 426 1111 522; x_wconf 84' lang='lat' dir='ltr'>exemplum</span> <span class='ocrx_word' id='word_1_12' title='bbox 1125 425 1356 519; x_wconf 79' lang='lat' dir='ltr'>pertinentem</span> 
     </span>
     <span class='ocr_line' id='line_1_3' title="bbox 210 539 1357 636; baseline -0.002 -22"><span class='ocrx_word' id='word_1_13' title='bbox 210 543 215 554; x_wconf 89' lang='lat'><em>&#39;</em></span> <span class='ocrx_word' id='word_1_14' title='bbox 284 545 333 616; x_wconf 89' lang='lat' dir='ltr'>iis</span> <span class='ocrx_word' id='word_1_15' title='bbox 351 543 469 615; x_wconf 79' lang='lat' dir='ltr'>verbis</span> <span class='ocrx_word' id='word_1_16' title='bbox 490 542 715 631; x_wconf 81' lang='lat' dir='ltr'>ostendebat,</span> <span class='ocrx_word' id='word_1_17' title='bbox 738 565 817 636; x_wconf 88' lang='lat' dir='ltr'>quae</span> <span class='ocrx_word' id='word_1_18' title='bbox 836 541 953 614; x_wconf 80' lang='lat' dir='ltr'>Julius</span> <span class='ocrx_word' id='word_1_19' title='bbox 977 539 1208 612; x_wconf 86' lang='lat' dir='ltr'>Severianus¹</span> <span class='ocrx_word' id='word_1_20' title='bbox 1232 562 1357 612; x_wconf 89' lang='lat' dir='ltr'>serva-</span> 
     </span>
     <span class='ocr_line' id='line_1_4' title="bbox 289 655 1355 745; baseline -0.001 -16"><span class='ocrx_word' id='word_1_21' title='bbox 289 659 369 730; x_wconf 89' lang='lat' dir='ltr'>vit:</span> <span class='ocrx_word' id='word_1_22' title='bbox 398 659 627 731; x_wconf 84' lang='lat' dir='ltr'>«Hominem</span> <span class='ocrx_word' id='word_1_23' title='bbox 653 668 783 730; x_wconf 85' lang='lat' dir='ltr'>nostrae</span> <span class='ocrx_word' id='word_1_24' title='bbox 810 657 960 728; x_wconf 88' lang='lat' dir='ltr'>civitatis</span> <span class='ocrx_word' id='word_1_25' title='bbox 984 655 1275 745; x_wconf 86' lang='lat' dir='ltr'>audacissimum,</span> <span class='ocrx_word' id='word_1_26' title='bbox 1313 657 1355 728; x_wconf 90' lang='lat' dir='ltr'>de</span> 
     </span>
     <span class='ocr_line' id='line_1_5' title="bbox 221 770 1353 859; baseline -0.002 -15"><span class='ocrx_word' id='word_1_27' title='bbox 221 789 225 796; x_wconf 83' lang='grc'><strong>’</strong></span> <span class='ocrx_word' id='word_1_28' title='bbox 285 771 440 852; x_wconf 74' lang='lat' dir='ltr'>factione</span> <span class='ocrx_word' id='word_1_29' title='bbox 467 773 631 859; x_wconf 87' lang='lat' dir='ltr'>divitem,</span> <span class='ocrx_word' id='word_1_30' title='bbox 657 771 857 857; x_wconf 85' lang='lat' dir='ltr'>sordidum,</span> <span class='ocrx_word' id='word_1_31' title='bbox 888 770 1113 845; x_wconf 88' lang='lat' dir='ltr'>maledictum</span> <span class='ocrx_word' id='word_1_32' title='bbox 1134 773 1353 848; x_wconf 76' lang='lat' dir='ltr'>accusabo.»</span> 
     </span>
     <span class='ocr_line' id='line_1_6' title="bbox 287 886 1352 980; baseline -0.002 -18"><span class='ocrx_word' id='word_1_33' title='bbox 287 890 433 976; x_wconf 87' lang='lat' dir='ltr'>Deinde,</span> <span class='ocrx_word' id='word_1_34' title='bbox 451 897 491 958; x_wconf 90' lang='lat' dir='ltr'>ut</span> <span class='ocrx_word' id='word_1_35' title='bbox 511 886 693 980; x_wconf 83' lang='lat' dir='ltr'>probabile</span> <span class='ocrx_word' id='word_1_36' title='bbox 708 893 773 976; x_wconf 84' lang='lat' dir='ltr'>est,</span> <span class='ocrx_word' id='word_1_37' title='bbox 789 887 939 960; x_wconf 88' lang='lat' dir='ltr'>erimina</span> <span class='ocrx_word' id='word_1_38' title='bbox 959 888 1183 979; x_wconf 87' lang='lat' dir='ltr'>congerendo</span> <span class='ocrx_word' id='word_1_39' title='bbox 1198 911 1352 980; x_wconf 88' lang='lat' dir='ltr'>pressus,</span> 
     </span>
     <span class='ocr_line' id='line_1_7' title="bbox 283 1002 1356 1098; baseline 0.001 -22"><span class='ocrx_word' id='word_1_40' title='bbox 283 1006 421 1098; x_wconf 75' lang='lat' dir='ltr'>judices</span> <span class='ocrx_word' id='word_1_41' title='bbox 437 1002 660 1089; x_wconf 88' lang='lat' dir='ltr'>incenderat,</span> <span class='ocrx_word' id='word_1_42' title='bbox 678 1002 868 1078; x_wconf 89' lang='lat' dir='ltr'>non&#39;modo</span> <span class='ocrx_word' id='word_1_43' title='bbox 888 1003 926 1074; x_wconf 91' lang='lat' dir='ltr'>iu</span> <span class='ocrx_word' id='word_1_44' title='bbox 945 1011 1113 1095; x_wconf 89' lang='lat' dir='ltr'>patronos</span> <span class='ocrx_word' id='word_1_45' title='bbox 1132 1003 1266 1079; x_wconf 85' lang='lat' dir='ltr'>Vatinii</span> <span class='ocrx_word' id='word_1_46' title='bbox 1281 1028 1356 1078; x_wconf 85' lang='lat' dir='ltr'>sese</span> 
     </span>
     <span class='ocr_line' id='line_1_8' title="bbox 189 1104 1355 1211; baseline 0.002 -21"><span class='ocrx_word' id='word_1_47' title='bbox 189 1175 191 1180; x_wconf 90' lang='lat'><em>.</em></span> <span class='ocrx_word' id='word_1_48' title='bbox 287 1119 498 1209; x_wconf 77' lang='lat' dir='ltr'>invebend0‚</span> <span class='ocrx_word' id='word_1_49' title='bbox 522 1104 586 1190; x_wconf 87' lang='lat' dir='ltr'>sed</span> <span class='ocrx_word' id='word_1_50' title='bbox 609 1119 715 1190; x_wconf 88' lang='lat' dir='ltr'>etiam</span> <span class='ocrx_word' id='word_1_51' title='bbox 734 1118 777 1190; x_wconf 89' lang='lat' dir='ltr'>de</span> <span class='ocrx_word' id='word_1_52' title='bbox 796 1128 889 1191; x_wconf 88' lang='lat' dir='ltr'>statu</span> <span class='ocrx_word' id='word_1_53' title='bbox 909 1139 1009 1190; x_wconf 89' lang='lat' dir='ltr'>reum</span> <span class='ocrx_word' id='word_1_54' title='bbox 1033 1118 1273 1211; x_wconf 84' lang='lat' dir='ltr'>superbiorem</span> <span class='ocrx_word' id='word_1_55' title='bbox 1293 1121 1355 1192; x_wconf 78' lang='lat' dir='ltr'>de</span> 
     </span>
     <span class='ocr_line' id='line_1_9' title="bbox 285 1235 1352 1332; baseline 0.001 -26"><span class='ocrx_word' id='word_1_56' title='bbox 285 1235 437 1332; x_wconf 90' lang='lat' dir='ltr'>jiciendo</span> <span class='ocrx_word' id='word_1_57' title='bbox 457 1235 596 1311; x_wconf 87' lang='lat' dir='ltr'>crebris</span> <span class='ocrx_word' id='word_1_58' title='bbox 606 1236 858 1328; x_wconf 83' lang='lat' dir='ltr'>rogationibus,</span> <span class='ocrx_word' id='word_1_59' title='bbox 876 1257 1027 1330; x_wconf 90' lang='lat' dir='ltr'>quarum</span> <span class='ocrx_word' id='word_1_60' title='bbox 1042 1235 1120 1306; x_wconf 88' lang='lat' dir='ltr'>baec</span> <span class='ocrx_word' id='word_1_61' title='bbox 1134 1257 1204 1308; x_wconf 88' lang='lat' dir='ltr'>una</span> <span class='ocrx_word' id='word_1_62' title='bbox 1217 1245 1352 1307; x_wconf 86' lang='lat' dir='ltr'>exstat:</span> 
     </span>
     <span class='ocr_line' id='line_1_10' title="bbox 289 1348 1356 1446; baseline 0.002 -26"><span class='ocrx_word' id='word_1_63' title='bbox 289 1376 308 1420; x_wconf 86' lang='lat'>«</span> <span class='ocrx_word' id='word_1_64' title='bbox 328 1348 487 1425; x_wconf 88' lang='lat' dir='ltr'>Perfrica</span> <span class='ocrx_word' id='word_1_65' title='bbox 502 1348 655 1424; x_wconf 85' lang='lat' dir='ltr'>frontem</span> <span class='ocrx_word' id='word_1_66' title='bbox 673 1361 708 1424; x_wconf 88' lang='lat' dir='ltr'>et</span> <span class='ocrx_word' id='word_1_67' title='bbox 730 1352 785 1422; x_wconf 94' lang='lat' dir='ltr'>dic</span> <span class='ocrx_word' id='word_1_68' title='bbox 804 1360 838 1422; x_wconf 90' lang='lat' dir='ltr'>te</span> <span class='ocrx_word' id='word_1_69' title='bbox 862 1350 1060 1442; x_wconf 82' lang='lat' dir='ltr'>digniorem</span> <span class='ocrx_word' id='word_1_70' title='bbox 1079 1373 1158 1422; x_wconf 85' lang='lat' dir='ltr'>esse</span> <span class='ocrx_word' id='word_1_71' title='bbox 1177 1351 1235 1445; x_wconf 89' lang='lat' dir='ltr'>qui</span> <span class='ocrx_word' id='word_1_72' title='bbox 1259 1361 1356 1446; x_wconf 84' lang='lat' dir='ltr'>prae-</span> 
     </span>
     <span class='ocr_line' id='line_1_11' title="bbox 288 1463 1355 1563; baseline -0.001 -23"><span class='ocrx_word' id='word_1_73' title='bbox 288 1477 343 1540; x_wconf 91' lang='lat' dir='ltr'>tor</span> <span class='ocrx_word' id='word_1_74' title='bbox 358 1466 470 1538; x_wconf 87' lang='lat' dir='ltr'>fieres.</span> <span class='ocrx_word' id='word_1_75' title='bbox 480 1485 584 1562; x_wconf 90' lang='lat' dir='ltr'>quam</span> <span class='ocrx_word' id='word_1_76' title='bbox 599 1463 799 1544; x_wconf 59' lang='lat' dir='ltr'>aaronem.</span> <span class='ocrx_word' id='word_1_77' title='bbox 820 1493 838 1535; x_wconf 82' lang='lat' dir='ltr'>u</span> <span class='ocrx_word' id='word_1_78' title='bbox 852 1467 885 1538; x_wconf 94' lang='lat' dir='ltr'>N</span> <span class='ocrx_word' id='word_1_79' title='bbox 888 1468 1093 1561; x_wconf 88' lang='lat' dir='ltr'>equicquam</span> <span class='ocrx_word' id='word_1_80' title='bbox 1104 1467 1281 1558; x_wconf 84' lang='lat' dir='ltr'>Vatinius,</span> <span class='ocrx_word' id='word_1_81' title='bbox 1299 1469 1355 1563; x_wconf 90' lang='lat' dir='ltr'>qui</span> 
     </span>
     <span class='ocr_line' id='line_1_12' title="bbox 287 1582 1354 1678; baseline 0.002 -24"><span class='ocrx_word' id='word_1_82' title='bbox 287 1582 475 1678; x_wconf 87' lang='lat' dir='ltr'>probabilis</span> <span class='ocrx_word' id='word_1_83' title='bbox 494 1591 572 1654; x_wconf 91' lang='lat' dir='ltr'>erat</span> <span class='ocrx_word' id='word_1_84' title='bbox 589 1582 786 1671; x_wconf 86' lang='lat' dir='ltr'>cavillator,</span> <span class='ocrx_word' id='word_1_85' title='bbox 796 1582 835 1656; x_wconf 90' lang='lat' dir='ltr'>iu</span> <span class='ocrx_word' id='word_1_86' title='bbox 850 1582 1091 1676; x_wconf 88' lang='lat' dir='ltr'>respondendo</span> <span class='ocrx_word' id='word_1_87' title='bbox 1114 1607 1155 1658; x_wconf 84' lang='lat' dir='ltr'>ea</span> <span class='ocrx_word' id='word_1_88' title='bbox 1174 1585 1354 1656; x_wconf 88' lang='lat' dir='ltr'>celeritate</span> 
     </span>
     <span class='ocr_line' id='line_1_13' title="bbox 287 1681 1354 1794; baseline 0.002 -26"><span class='ocrx_word' id='word_1_89' title='bbox 287 1701 423 1792; x_wconf 81' lang='lat' dir='ltr'>ingenii</span> <span class='ocrx_word' id='word_1_90' title='bbox 435 1681 631 1788; x_wconf 59' lang='lat' dir='ltr'>utebaturi,</span> <span class='ocrx_word' id='word_1_91' title='bbox 649 1722 727 1794; x_wconf 83' lang='lat' dir='ltr'>quae</span> <span class='ocrx_word' id='word_1_92' title='bbox 742 1699 892 1770; x_wconf 87' lang='lat' dir='ltr'>oratoris</span> <span class='ocrx_word' id='word_1_93' title='bbox 906 1699 1168 1775; x_wconf 86' lang='lat' dir='ltr'>contentionem</span> <span class='ocrx_word' id='word_1_94' title='bbox 1187 1697 1354 1793; x_wconf 86' lang='lat' dir='ltr'>frangere</span> 
     </span>
     <span class='ocr_line' id='line_1_14' title="bbox 288 1814 1355 1910; baseline 0 -24"><span class='ocrx_word' id='word_1_95' title='bbox 288 1817 458 1910; x_wconf 90' lang='lat' dir='ltr'>potuisset</span> <span class='ocrx_word' id='word_1_96' title='bbox 480 1841 487 1886; x_wconf 93' lang='lat'>:</span> <span class='ocrx_word' id='word_1_97' title='bbox 510 1815 595 1886; x_wconf 88' lang='lat' dir='ltr'>adeo</span> <span class='ocrx_word' id='word_1_98' title='bbox 611 1816 705 1885; x_wconf 92' lang='lat' dir='ltr'>enim</span> <span class='ocrx_word' id='word_1_99' title='bbox 720 1817 895 1901; x_wconf 87' lang='lat' dir='ltr'>incensus,</span> <span class='ocrx_word' id='word_1_100' title='bbox 911 1814 1099 1890; x_wconf 87' lang='lat' dir='ltr'>vehemens</span> <span class='ocrx_word' id='word_1_101' title='bbox 1114 1839 1154 1888; x_wconf 90' lang='lat' dir='ltr'>ac</span> <span class='ocrx_word' id='word_1_102' title='bbox 1164 1815 1355 1888; x_wconf 89' lang='lat' dir='ltr'>concitatus</span> 
     </span>
     <span class='ocr_line' id='line_1_15' title="bbox 289 1930 1355 2026; baseline 0.004 -26"><span class='ocrx_word' id='word_1_103' title='bbox 289 1939 364 2002; x_wconf 85' lang='lat' dir='ltr'>erat</span> <span class='ocrx_word' id='word_1_104' title='bbox 379 1931 524 2019; x_wconf 87' lang='lat' dir='ltr'>Calvus,</span> <span class='ocrx_word' id='word_1_105' title='bbox 544 1939 582 2000; x_wconf 93' lang='lat' dir='ltr'>ut</span> <span class='ocrx_word' id='word_1_106' title='bbox 602 1952 697 2017; x_wconf 85' lang='lat' dir='ltr'>reue,</span> <span class='ocrx_word' id='word_1_107' title='bbox 720 1940 937 2002; x_wconf 87' lang='lat' dir='ltr'>memorante</span> <span class='ocrx_word' id='word_1_108' title='bbox 951 1930 1115 2016; x_wconf 65' lang='lat' dir='ltr'>Senecal,</span> <span class='ocrx_word' id='word_1_109' title='bbox 1136 1932 1245 2004; x_wconf 89' lang='lat' dir='ltr'>subito</span> <span class='ocrx_word' id='word_1_110' title='bbox 1259 1932 1355 2026; x_wconf 88' lang='lat' dir='ltr'>quasi</span> 
     </span>
     <span class='ocr_line' id='line_1_16' title="bbox 289 2045 1352 2146; baseline 0.001 -30"><span class='ocrx_word' id='word_1_111' title='bbox 289 2045 420 2116; x_wconf 86' lang='lat' dir='ltr'>invitus</span> <span class='ocrx_word' id='word_1_112' title='bbox 435 2054 643 2138; x_wconf 85' lang='lat' dir='ltr'>exsurgeret</span> <span class='ocrx_word' id='word_1_113' title='bbox 659 2055 692 2118; x_wconf 89' lang='lat' dir='ltr'>et</span> <span class='ocrx_word' id='word_1_114' title='bbox 708 2045 945 2116; x_wconf 84' lang='lat' dir='ltr'>exclamaret:</span> <span class='ocrx_word' id='word_1_115' title='bbox 966 2070 984 2114; x_wconf 79' lang='lat' dir='ltr'>c</span> <span class='ocrx_word' id='word_1_116' title='bbox 999 2045 1101 2138; x_wconf 88' lang='lat' dir='ltr'>Rogo</span> <span class='ocrx_word' id='word_1_117' title='bbox 1115 2069 1191 2130; x_wconf 82' lang='lat' dir='ltr'>voe,</span> <span class='ocrx_word' id='word_1_118' title='bbox 1204 2045 1352 2146; x_wconf 84' lang='lat' dir='ltr'>judices,</span> 
     </span>
     <span class='ocr_line' id='line_1_17' title="bbox 289 2161 1353 2259; baseline -0.004 -27"><span class='ocrx_word' id='word_1_119' title='bbox 289 2163 519 2259; x_wconf 81' lang='lat' dir='ltr'>num,si.istc</span> <span class='ocrx_word' id='word_1_120' title='bbox 543 2162 696 2234; x_wconf 83' lang='lat' dir='ltr'>disertus</span> <span class='ocrx_word' id='word_1_121' title='bbox 720 2171 786 2249; x_wconf 91' lang='lat' dir='ltr'>est,</span> <span class='ocrx_word' id='word_1_122' title='bbox 810 2162 888 2232; x_wconf 88' lang='lat' dir='ltr'>ideo</span> <span class='ocrx_word' id='word_1_123' title='bbox 908 2183 963 2232; x_wconf 91' lang='lat' dir='ltr'>me</span> <span class='ocrx_word' id='word_1_124' title='bbox 982 2161 1142 2234; x_wconf 90' lang='lat' dir='ltr'>damnari</span> <span class='ocrx_word' id='word_1_125' title='bbox 1166 2169 1353 2254; x_wconf 85' lang='lat' dir='ltr'>oportet.»</span> 
     </span>
     <span class='ocr_line' id='line_1_18' title="bbox 289 2275 1355 2373; baseline -0.002 -23"><span class='ocrx_word' id='word_1_126' title='bbox 289 2280 462 2373; x_wconf 86' lang='lat' dir='ltr'>Denique,</span> <span class='ocrx_word' id='word_1_127' title='bbox 485 2287 667 2372; x_wconf 88' lang='lat' dir='ltr'>postquam</span> <span class='ocrx_word' id='word_1_128' title='bbox 683 2301 757 2348; x_wconf 88' lang='lat' dir='ltr'>rem</span> <span class='ocrx_word' id='word_1_129' title='bbox 778 2285 923 2348; x_wconf 84' lang='lat' dir='ltr'>ornarat</span> <span class='ocrx_word' id='word_1_130' title='bbox 942 2287 1044 2372; x_wconf 87' lang='lat' dir='ltr'>atque</span> <span class='ocrx_word' id='word_1_131' title='bbox 1064 2275 1296 2370; x_wconf 85' lang='lat' dir='ltr'>amplificarat</span> <span class='ocrx_word' id='word_1_132' title='bbox 1316 2301 1355 2361; x_wconf 82' lang='lat' dir='ltr'>ea</span> 
     </span>
     <span class='ocr_line' id='line_1_19' title="bbox 289 2393 1356 2488; baseline 0.001 -24"><span class='ocrx_word' id='word_1_133' title='bbox 289 2393 428 2465; x_wconf 78' lang='lat' dir='ltr'>dicendi</span> <span class='ocrx_word' id='word_1_134' title='bbox 443 2395 563 2484; x_wconf 81' lang='lat' dir='ltr'>figura</span> <span class='ocrx_word' id='word_1_135' title='bbox 581 2394 771 2486; x_wconf 82' lang='lat' dir='ltr'>praecipue,</span> <span class='ocrx_word' id='word_1_136' title='bbox 793 2415 872 2486; x_wconf 85' lang='lat' dir='ltr'>quae</span> <span class='ocrx_word' id='word_1_137' title='bbox 887 2393 1047 2485; x_wconf 89' lang='lat' dir='ltr'>gradatio</span> <span class='ocrx_word' id='word_1_138' title='bbox 1064 2403 1221 2480; x_wconf 86' lang='lat' dir='ltr'>vocatur,</span> <span class='ocrx_word' id='word_1_139' title='bbox 1239 2416 1356 2488; x_wconf 87' lang='lat' dir='ltr'>quam·</span> 
     </span>
     <span class='ocr_line' id='line_1_20' title="bbox 290 2504 1356 2606; baseline 0.002 -28"><span class='ocrx_word' id='word_1_140' title='bbox 290 2515 430 2602; x_wconf 88' lang='lat' dir='ltr'>que,.-ut</span> <span class='ocrx_word' id='word_1_141' title='bbox 455 2529 531 2578; x_wconf 90' lang='lat' dir='ltr'>eam</span> <span class='ocrx_word' id='word_1_142' title='bbox 549 2506 704 2582; x_wconf 88' lang='lat' dir='ltr'>traderet</span> <span class='ocrx_word' id='word_1_143' title='bbox 721 2504 901 2595; x_wconf 88' lang='lat' dir='ltr'>latinam⁵,</span> <span class='ocrx_word' id='word_1_144' title='bbox 923 2506 1165 2590; x_wconf 87' lang='lat' dir='ltr'>Quintilianus</span> <span class='ocrx_word' id='word_1_145' title='bbox 1187 2509 1356 2606; x_wconf 84' lang='lat' dir='ltr'>imprimis</span> 
     </span>
     <span class='ocr_line' id='line_1_21' title="bbox 290 2622 1357 2718; baseline 0.003 -24"><span class='ocrx_word' id='word_1_146' title='bbox 290 2623 492 2718; x_wconf 82' lang='lat' dir='ltr'>desumpsit,</span> <span class='ocrx_word' id='word_1_147' title='bbox 515 2623 550 2695; x_wconf 91' lang='lat' dir='ltr'>in</span> <span class='ocrx_word' id='word_1_148' title='bbox 564 2622 713 2716; x_wconf 89' lang='lat' dir='ltr'>epilogo,</span> <span class='ocrx_word' id='word_1_149' title='bbox 736 2645 778 2694; x_wconf 88' lang='lat' dir='ltr'>ea</span> <span class='ocrx_word' id='word_1_150' title='bbox 795 2632 911 2694; x_wconf 90' lang='lat' dir='ltr'>mente</span> <span class='ocrx_word' id='word_1_151' title='bbox 927 2631 964 2694; x_wconf 90' lang='lat' dir='ltr'>ut</span> <span class='ocrx_word' id='word_1_152' title='bbox 977 2623 1118 2716; x_wconf 79' lang='lat' dir='ltr'>judices</span> <span class='ocrx_word' id='word_1_153' title='bbox 1137 2636 1357 2716; x_wconf 88' lang='lat' dir='ltr'>permoveret</span> 
     </span>
     <span class='ocr_line' id='line_1_22' title="bbox 290 2739 1354 2834; baseline 0.001 -23"><span class='ocrx_word' id='word_1_154' title='bbox 290 2748 593 2834; x_wconf 86' lang='lat' dir='ltr'>perterreretque,</span> <span class='ocrx_word' id='word_1_155' title='bbox 617 2749 782 2833; x_wconf 88' lang='lat' dir='ltr'>quantam</span> <span class='ocrx_word' id='word_1_156' title='bbox 802 2739 954 2832; x_wconf 86' lang='lat' dir='ltr'>gloriam</span> <span class='ocrx_word' id='word_1_157' title='bbox 973 2739 1058 2833; x_wconf 89' lang='lat' dir='ltr'>ipsis</span> <span class='ocrx_word' id='word_1_158' title='bbox 1081 2740 1259 2812; x_wconf 88' lang='lat' dir='ltr'>damnatio</span> <span class='ocrx_word' id='word_1_159' title='bbox 1284 2742 1354 2828; x_wconf 90' lang='lat' dir='ltr'>rei,</span> 
     </span>
     <span class='ocr_line' id='line_1_23' title="bbox 290 2841 1354 2952; baseline 0 -24"><span class='ocrx_word' id='word_1_160' title='bbox 290 2865 456 2952; x_wconf 86' lang='lat' dir='ltr'>quantam</span> <span class='ocrx_word' id='word_1_161' title='bbox 488 2841 604 2928; x_wconf 89' lang='lat' dir='ltr'>autem</span> <span class='ocrx_word' id='word_1_162' title='bbox 636 2853 892 2948; x_wconf 86' lang='lat' dir='ltr'>deformitatem</span> <span class='ocrx_word' id='word_1_163' title='bbox 924 2855 1096 2928; x_wconf 86' lang='lat' dir='ltr'>absolutio</span> <span class='ocrx_word' id='word_1_164' title='bbox 1122 2857 1264 2930; x_wconf 85' lang='lat' dir='ltr'>afferret</span> <span class='ocrx_word' id='word_1_165' title='bbox 1291 2858 1354 2928; x_wconf 85' lang='lat' dir='ltr'>hoe</span> 
     </span>
     <span class='ocr_line' id='line_1_24' title="bbox 290 2969 1357 3067; baseline 0.001 -23"><span class='ocrx_word' id='word_1_166' title='bbox 290 2996 397 3044; x_wconf 82' lang='lat' dir='ltr'>versu</span> <span class='ocrx_word' id='word_1_167' title='bbox 415 2971 602 3056; x_wconf 85' lang='lat' dir='ltr'>indicabat,</span> <span class='ocrx_word' id='word_1_168' title='bbox 622 2995 724 3067; x_wconf 92' lang='lat' dir='ltr'>quem</span> <span class='ocrx_word' id='word_1_169' title='bbox 738 2971 884 3064; x_wconf 86' lang='lat' dir='ltr'>egregie</span> <span class='ocrx_word' id='word_1_170' title='bbox 899 2969 1055 3044; x_wconf 78' lang='lat' dir='ltr'>Seneca⁶</span> <span class='ocrx_word' id='word_1_171' title='bbox 1072 2983 1105 3045; x_wconf 87' lang='lat' dir='ltr'>et</span> <span class='ocrx_word' id='word_1_172' title='bbox 1122 2973 1357 3058; x_wconf 86' lang='lat' dir='ltr'>Quintilianus</span> 
     </span>
     <span class='ocr_line' id='line_1_25' title="bbox 290 3087 1356 3164; baseline 0.005 -6"><span class='ocrx_word' id='word_1_173' title='bbox 290 3089 523 3159; x_wconf 86' lang='lat' dir='ltr'>laudaverunt</span> <span class='ocrx_word' id='word_1_174' title='bbox 551 3112 558 3155; x_wconf 91' lang='lat'>:</span> <span class='ocrx_word' id='word_1_175' title='bbox 584 3112 602 3156; x_wconf 73' lang='lat' dir='ltr'>r&lt;</span> <span class='ocrx_word' id='word_1_176' title='bbox 623 3087 768 3159; x_wconf 84' lang='lat' dir='ltr'>Factum</span> <span class='ocrx_word' id='word_1_177' title='bbox 792 3087 959 3158; x_wconf 90' lang='lat' dir='ltr'>ambitum</span> <span class='ocrx_word' id='word_1_178' title='bbox 986 3089 1081 3160; x_wconf 90' lang='lat' dir='ltr'>scitis</span> <span class='ocrx_word' id='word_1_179' title='bbox 1099 3113 1221 3164; x_wconf 87' lang='lat' dir='ltr'>omnes</span> <span class='ocrx_word' id='word_1_180' title='bbox 1239 3100 1273 3163; x_wconf 91' lang='lat' dir='ltr'>et</span> <span class='ocrx_word' id='word_1_181' title='bbox 1292 3090 1356 3163; x_wconf 84' lang='lat' dir='ltr'>hcc</span> 
     </span>
     <span class='ocr_line' id='line_1_26' title="bbox 290 3193 1123 3276; baseline -0.011 -2"><span class='ocrx_word' id='word_1_182' title='bbox 290 3225 353 3274; x_wconf 89' lang='lat' dir='ltr'>vos</span> <span class='ocrx_word' id='word_1_183' title='bbox 372 3203 461 3274; x_wconf 86' lang='lat' dir='ltr'>scire</span> <span class='ocrx_word' id='word_1_184' title='bbox 478 3225 599 3274; x_wconf 88' lang='lat' dir='ltr'>omnes</span> <span class='ocrx_word' id='word_1_185' title='bbox 614 3204 740 3276; x_wconf 89' lang='lat' dir='ltr'>sciunt.</span> <span class='ocrx_word' id='word_1_186' title='bbox 766 3229 783 3271; x_wconf 79' lang='lat' dir='ltr'>u</span> <span class='ocrx_word' id='word_1_187' title='bbox 1115 3193 1123 3206; x_wconf 86' lang='grc'><em>“</em></span> 
     </span>
    </p>
   </div>
   <div class='ocr_carea' id='block_1_3' title="bbox 288 3525 1359 4230">
    <p class='ocr_par' dir='ltr' id='par_1_3' title="bbox 323 3525 705 3589">
     <span class='ocr_line' id='line_1_27' title="bbox 323 3525 705 3589; baseline -0.003 -13"><span class='ocrx_word' id='word_1_188' title='bbox 323 3531 330 3563; x_wconf 91' lang='lat'>¹</span> <span class='ocrx_word' id='word_1_189' title='bbox 349 3527 465 3588; x_wconf 86' lang='lat' dir='ltr'>Syutom.</span> <span class='ocrx_word' id='word_1_190' title='bbox 481 3525 599 3582; x_wconf 63' lang='lat' dir='ltr'>Rhetor„</span> <span class='ocrx_word' id='word_1_191' title='bbox 609 3542 633 3589; x_wconf 89' lang='lat' dir='ltr'>p.</span> <span class='ocrx_word' id='word_1_192' title='bbox 650 3525 705 3575; x_wconf 75' lang='grc'><strong>342.</strong></span> 
     </span>
    </p>

    <p class='ocr_par' dir='ltr' id='par_1_4' title="bbox 320 3604 734 3665">
     <span class='ocr_line' id='line_1_28' title="bbox 320 3604 734 3665; baseline -0.002 -9"><span class='ocrx_word' id='word_1_193' title='bbox 320 3606 331 3642; x_wconf 77' lang='lat'><strong>²</strong></span> <span class='ocrx_word' id='word_1_194' title='bbox 348 3605 529 3665; x_wconf 85' lang='lat' dir='ltr'>Quintilianus,</span> <span class='ocrx_word' id='word_1_195' title='bbox 543 3604 589 3655; x_wconf 91' lang='lat' dir='ltr'>lib.</span> <span class='ocrx_word' id='word_1_196' title='bbox 604 3605 649 3665; x_wconf 86' lang='lat' dir='ltr'>lX,</span> <span class='ocrx_word' id='word_1_197' title='bbox 666 3620 688 3654; x_wconf 93' lang='lat' dir='ltr'>c.</span> <span class='ocrx_word' id='word_1_198' title='bbox 706 3621 734 3655; x_wconf 84' lang='lat'>11.</span> 
     </span>
    </p>

    <p class='ocr_par' dir='ltr' id='par_1_5' title="bbox 288 3683 1359 3991">
     <span class='ocr_line' id='line_1_29' title="bbox 321 3683 1358 3750; baseline 0.001 -16"><span class='ocrx_word' id='word_1_199' title='bbox 321 3687 332 3722; x_wconf 82' lang='lat'>³</span> <span class='ocrx_word' id='word_1_200' title='bbox 350 3705 363 3734; x_wconf 75' lang='lat' dir='ltr'>c</span> <span class='ocrx_word' id='word_1_201' title='bbox 379 3686 443 3736; x_wconf 90' lang='lat' dir='ltr'>Sunt</span> <span class='ocrx_word' id='word_1_202' title='bbox 457 3685 573 3749; x_wconf 81' lang='lat' dir='ltr'>quaedam</span> <span class='ocrx_word' id='word_1_203' title='bbox 588 3685 743 3745; x_wconf 81' lang='lat' dir='ltr'>verisimilia,</span> <span class='ocrx_word' id='word_1_204' title='bbox 764 3683 831 3733; x_wconf 84' lang='lat' dir='ltr'>unde</span> <span class='ocrx_word' id='word_1_205' title='bbox 850 3683 973 3733; x_wconf 85' lang='lat' dir='ltr'>Vatinius</span> <span class='ocrx_word' id='word_1_206' title='bbox 994 3683 1060 3734; x_wconf 83' lang='lat' dir='ltr'>dixit</span> <span class='ocrx_word' id='word_1_207' title='bbox 1079 3683 1128 3734; x_wconf 92' lang='lat' dir='ltr'>hoc</span> <span class='ocrx_word' id='word_1_208' title='bbox 1148 3685 1258 3745; x_wconf 87' lang='lat' dir='ltr'>dictum,</span> <span class='ocrx_word' id='word_1_209' title='bbox 1280 3701 1358 3750; x_wconf 88' lang='lat' dir='ltr'>quum</span> 
     </span>
     <span class='ocr_line' id='line_1_30' title="bbox 288 3763 1358 3830; baseline -0.002 -14"><span class='ocrx_word' id='word_1_210' title='bbox 288 3782 355 3828; x_wconf 87' lang='lat' dir='ltr'>reue,</span> <span class='ocrx_word' id='word_1_211' title='bbox 371 3771 463 3830; x_wconf 85' lang='lat' dir='ltr'>agente</span> <span class='ocrx_word' id='word_1_212' title='bbox 477 3766 503 3815; x_wconf 91' lang='lat' dir='ltr'>in</span> <span class='ocrx_word' id='word_1_213' title='bbox 511 3781 570 3815; x_wconf 89' lang='lat' dir='ltr'>eum</span> <span class='ocrx_word' id='word_1_214' title='bbox 583 3765 670 3827; x_wconf 84' lang='lat' dir='ltr'>Calvo,</span> <span class='ocrx_word' id='word_1_215' title='bbox 684 3763 800 3814; x_wconf 84' lang='lat' dir='ltr'>frondem</span> <span class='ocrx_word' id='word_1_216' title='bbox 809 3763 918 3814; x_wconf 74' lang='lat' dir='ltr'>candro</span> <span class='ocrx_word' id='word_1_217' title='bbox 933 3763 1037 3812; x_wconf 84' lang='lat' dir='ltr'>sudario</span> <span class='ocrx_word' id='word_1_218' title='bbox 1051 3767 1172 3827; x_wconf 83' lang='lat' dir='ltr'>tergeret,</span> <span class='ocrx_word' id='word_1_219' title='bbox 1186 3763 1262 3828; x_wconf 83' lang='lat' dir='ltr'>idque</span> <span class='ocrx_word' id='word_1_220' title='bbox 1276 3765 1358 3829; x_wconf 87' lang='lat' dir='ltr'>ipsum</span> 
     </span>
     <span class='ocr_line' id='line_1_31' title="bbox 289 3843 1359 3910; baseline -0.003 -14"><span class='ocrx_word' id='word_1_221' title='bbox 289 3852 420 3897; x_wconf 85' lang='lat' dir='ltr'>accusator</span> <span class='ocrx_word' id='word_1_222' title='bbox 433 3847 460 3896; x_wconf 90' lang='lat' dir='ltr'>in</span> <span class='ocrx_word' id='word_1_223' title='bbox 475 3846 596 3896; x_wconf 87' lang='lat' dir='ltr'>invidiam</span> <span class='ocrx_word' id='word_1_224' title='bbox 608 3850 728 3895; x_wconf 86' lang='lat' dir='ltr'>vocaret:</span> <span class='ocrx_word' id='word_1_225' title='bbox 740 3863 752 3892; x_wconf 79' lang='lat' dir='ltr'>u</span> <span class='ocrx_word' id='word_1_226' title='bbox 764 3845 883 3904; x_wconf 67' lang='lat' dir='ltr'>Quamne</span> <span class='ocrx_word' id='word_1_227' title='bbox 896 3861 954 3895; x_wconf 87' lang='lat' dir='ltr'>reus</span> <span class='ocrx_word' id='word_1_228' title='bbox 964 3860 1029 3903; x_wconf 87' lang='lat' dir='ltr'>sum,</span> <span class='ocrx_word' id='word_1_229' title='bbox 1042 3843 1134 3908; x_wconf 84' lang='lat' dir='ltr'>inquit,</span> <span class='ocrx_word' id='word_1_230' title='bbox 1156 3849 1183 3894; x_wconf 85' lang='lat' dir='ltr'>et</span> <span class='ocrx_word' id='word_1_231' title='bbox 1196 3851 1288 3910; x_wconf 72' lang='lat' dir='ltr'>panem</span> <span class='ocrx_word' id='word_1_232' title='bbox 1301 3859 1359 3894; x_wconf 82' lang='lat' dir='ltr'>can·</span> 
     </span>
     <span class='ocr_line' id='line_1_32' title="bbox 289 3925 910 3991; baseline -0.003 -13"><span class='ocrx_word' id='word_1_233' title='bbox 289 3928 377 3978; x_wconf 80' lang='lat' dir='ltr'>didam</span> <span class='ocrx_word' id='word_1_234' title='bbox 390 3927 447 3978; x_wconf 87' lang='lat' dir='ltr'>edo.</span> <span class='ocrx_word' id='word_1_235' title='bbox 461 3945 473 3974; x_wconf 74' lang='lat' dir='ltr'>t&gt;</span> <span class='ocrx_word' id='word_1_236' title='bbox 489 3925 676 3986; x_wconf 69' lang='lat' dir='ltr'>(Quintilianus,</span> <span class='ocrx_word' id='word_1_237' title='bbox 692 3926 739 3986; x_wconf 79' lang='lat' dir='ltr'>lib,</span> <span class='ocrx_word' id='word_1_238' title='bbox 751 3926 807 3983; x_wconf 84' lang='lat' dir='ltr'>vu,</span> <span class='ocrx_word' id='word_1_239' title='bbox 823 3943 846 3977; x_wconf 89' lang='lat' dir='ltr'>o.</span> <span class='ocrx_word' id='word_1_240' title='bbox 862 3929 910 3991; x_wconf 80' lang='lat' dir='ltr'>ur.)</span> 
     </span>
    </p>

    <p class='ocr_par' dir='ltr' id='par_1_6' title="bbox 321 4005 1284 4066">
     <span class='ocr_line' id='line_1_33' title="bbox 321 4005 1284 4066; baseline 0.001 -8"><span class='ocrx_word' id='word_1_241' title='bbox 321 4009 333 4044; x_wconf 91' lang='lat'>⁴</span> <span class='ocrx_word' id='word_1_242' title='bbox 350 4009 454 4066; x_wconf 85' lang='lat' dir='ltr'>Seneca,</span> <span class='ocrx_word' id='word_1_243' title='bbox 468 4007 706 4057; x_wconf 77' lang='lat' dir='ltr'>Controuersiarum</span> <span class='ocrx_word' id='word_1_244' title='bbox 717 4006 761 4059; x_wconf 84' lang='lat' dir='ltr'>lib.</span> <span class='ocrx_word' id='word_1_245' title='bbox 777 4008 823 4065; x_wconf 81' lang='lat'>111.</span> <span class='ocrx_word' id='word_1_246' title='bbox 839 4024 860 4057; x_wconf 92' lang='lat' dir='ltr'>c.</span> <span class='ocrx_word' id='word_1_247' title='bbox 878 4023 935 4063; x_wconf 77' lang='lat' dir='ltr'>xlx,</span> <span class='ocrx_word' id='word_1_248' title='bbox 951 4015 977 4058; x_wconf 85' lang='lat' dir='ltr'>et</span> <span class='ocrx_word' id='word_1_249' title='bbox 991 4009 1083 4059; x_wconf 83' lang='lat' dir='ltr'>Catulli</span> <span class='ocrx_word' id='word_1_250' title='bbox 1098 4023 1201 4058; x_wconf 86' lang='lat' dir='ltr'>carmen</span> <span class='ocrx_word' id='word_1_251' title='bbox 1216 4005 1284 4059; x_wconf 87' lang='lat' dir='ltr'>LIV.</span> 
     </span>
    </p>

    <p class='ocr_par' dir='ltr' id='par_1_7' title="bbox 322 4086 739 4147">
     <span class='ocr_line' id='line_1_34' title="bbox 322 4086 739 4147; baseline 0.007 -12"><span class='ocrx_word' id='word_1_252' title='bbox 322 4090 333 4123; x_wconf 76' lang='lat'><strong>³</strong></span> <span class='ocrx_word' id='word_1_253' title='bbox 349 4086 528 4147; x_wconf 81' lang='lat' dir='ltr'>Quintilianus,</span> <span class='ocrx_word' id='word_1_254' title='bbox 543 4087 588 4136; x_wconf 93' lang='lat' dir='ltr'>lib.</span> <span class='ocrx_word' id='word_1_255' title='bbox 605 4089 648 4146; x_wconf 92' lang='lat' dir='ltr'>tX,</span> <span class='ocrx_word' id='word_1_256' title='bbox 663 4104 686 4136; x_wconf 86' lang='lat' dir='ltr'>c.</span> <span class='ocrx_word' id='word_1_257' title='bbox 701 4101 739 4138; x_wconf 86' lang='lat'>111.</span> 
     </span>
    </p>

    <p class='ocr_par' dir='ltr' id='par_1_8' title="bbox 323 4161 1032 4230">
     <span class='ocr_line' id='line_1_35' title="bbox 323 4161 1032 4230; baseline 0.004 -18"><span class='ocrx_word' id='word_1_258' title='bbox 323 4165 334 4199; x_wconf 76' lang='lat'>⁶</span> <span class='ocrx_word' id='word_1_259' title='bbox 351 4164 457 4224; x_wconf 85' lang='lat' dir='ltr'>Seneca,</span> <span class='ocrx_word' id='word_1_260' title='bbox 475 4179 514 4230; x_wconf 87' lang='lat' dir='ltr'>ep.</span> <span class='ocrx_word' id='word_1_261' title='bbox 531 4180 603 4222; x_wconf 84' lang='lat' dir='ltr'>xerv,</span> <span class='ocrx_word' id='word_1_262' title='bbox 618 4170 643 4214; x_wconf 90' lang='lat' dir='ltr'>et</span> <span class='ocrx_word' id='word_1_263' title='bbox 657 4161 836 4226; x_wconf 85' lang='lat' dir='ltr'>Quintilianus,</span> <span class='ocrx_word' id='word_1_264' title='bbox 851 4165 895 4215; x_wconf 92' lang='lat' dir='ltr'>lib.</span> <span class='ocrx_word' id='word_1_265' title='bbox 912 4164 958 4223; x_wconf 89' lang='lat' dir='ltr'>Vl,</span> <span class='ocrx_word' id='word_1_266' title='bbox 974 4181 996 4216; x_wconf 88' lang='lat' dir='ltr'>c.</span> <span class='ocrx_word' id='word_1_267' title='bbox 1015 4181 1032 4216; x_wconf 83' lang='lat'>1.</span> 
     </span>
    </p>
   </div>
   <div class='ocr_carea' id='block_1_4' title="bbox 0 0 1530 4938">
    <p class='ocr_par' dir='ltr' id='par_1_9' title="bbox 0 0 1530 4938">
     <span class='ocr_line' id='line_1_36' title="bbox 0 0 1530 4938; baseline 0 0"><span class='ocrx_word' id='word_1_268' title='bbox 0 0 1530 4938; x_wconf 95' lang='lat' dir='ltr'> </span> 
     </span>
    </p>
   </div>
  </div>
 </body>
</html>
