3024 4944
251 359 506 411 FRAGMENTA
527 360 769 412 ORATlONUM
791 359 1115 412 DldP-ERDITARUM
1171 359 1214 412 181

148 475 246 535 multa
255 473 401 551 disputat,
415 476 493 536 hane
507 493 575 538 esse
584 482 728 549 mortem,
743 495 833 553 quam
844 495 900 537 nos
914 477 1012 537 vitam
1025 483 1212 556 putaremus,

148 601 242 660 quum
270 603 398 663 corpore
423 586 542 646 animus
566 591 722 662 tamquam
745 603 869 646 carcere
893 593 1008 663 saeptus
1035 592 1213 666 teneretur3

59 751 60 756 ,
147 693 246 754 vitam
270 701 373 756 autem
396 714 464 756 esse
481 712 558 771 cam,
584 714 676 771 quum
697 695 778 758 idem
802 695 921 756 animus
942 696 1055 756 vinclis
1078 698 1215 774 corporis

147 809 297 868 liberatus
311 805 344 865 in
359 823 428 865 eum
441 821 473 864 se
487 804 600 881 locum,
617 805 696 864 unde
712 809 793 864 esset
807 808 905 878 ortuS,
922 803 1092 863 retulisset.

185 914 216 975 5.
239 916 322 974 Num
342 911 440 989 igitur
460 911 521 971 ista
543 917 596 970 tua
620 911 719 971 Sarda
742 905 955 988 Pythagdram
979 917 1031 970 aut
1052 913 1214 974 Platonem

146 1027 234 1082 norat
258 1025 310 1079 aut
335 1019 470 1095 legerat?
494 1019 554 1089 Qui
582 1025 683 1078 tamen
707 1019 767 1096 ipsi
792 1026 922 1080 mortem
949 1021 990 1081 ita
1013 1021 1149 1095 laudant,
1181 1025 1215 1080 ut

144 1131 253 1208 fugere
266 1130 362 1188 vitam
380 1135 486 1189 vetent
500 1135 590 1205 atque
611 1129 642 1189 id
663 1136 770 1188 contra
785 1129 884 1190 foedus
897 1131 966 1189 ficri
981 1131 1083 1190 dicant
1097 1132 1214 1206 legem-

145 1258 204 1316 que
218 1235 347 1298 naturae.
369 1237 472 1297 Aliam
487 1237 610 1314 quidem
632 1256 754 1298 oausam
775 1238 1083 1299 mortisvoluntariee
1098 1239 1213 1297 nullam

144 1345 281 1425 profecto
300 1350 417 1424 justam
438 1345 611 1422 reperietis.
637 1347 736 1422 Atque
763 1347 820 1404 hoo
849 1346 903 1405 ille
927 1345 1018 1406 vidit.
1041 1347 1122 1407 Nam
1138 1348 1215 1424 jecit

144 1455 276 1530 quodam
289 1455 356 1512 loeo
369 1452 435 1512 vita
449 1451 535 1511 illam
550 1451 712 1512 mulierem
729 1453 857 1529 spoliari
873 1471 962 1528 quam
980 1452 1127 1528 pudicitia
1148 1471 1214 1512 ma-

143 1561 251 1624 luisse.
924 1555 931 1574 ⁴

183 1669 212 1730 6.
238 1668 298 1728 Sed
311 1667 428 1745 refugit
443 1668 546 1728 statim
568 1685 624 1727 noc
644 1668 682 1727 de
697 1668 844 1746 pudicitia
858 1669 951 1746 plura
967 1668 1058 1744 dixit,
1075 1669 1212 1746 veritus,
1283 1715 1286 1720 ,

142 1777 243 1846 credo,
257 1795 294 1835 nc
308 1793 396 1851 quem
411 1775 562 1834 irridendi
576 1775 663 1836 nobis
679 1775 766 1834 daret
779 1781 810 1834 et
820 1775 944 1854 jocandi
954 1776 1065 1834 locum.
1086 1777 1213 1836 Constat

141 1883 222 1942 enim
235 1883 320 1942 illam
337 1901 428 1958 quum
444 1880 639 1942 deformitate
655 1901 774 1941 summa
788 1881 895 1952 fuisse,
915 1888 981 1942 tum
996 1883 1089 1942 ctiam
1106 1901 1214 1942 senec-

141 1997 216 2050 tute.
241 1991 341 2056 Quare
356 2009 422 2066 quae
442 1997 553 2068 potest,
570 1991 711 2066 quamvis
731 1992 813 2051 salsa
832 1991 892 2050 ista
913 1993 1011 2051 Sarda
1025 1991 1130 2062 fuerit,
1147 1969 1211 2052 ulla
1247 1973 1256 1981 Ν

141 2100 277 2160 libidinis
290 2106 342 2159 aut
354 2100 467 2159 amoris
477 2117 544 2158 esse
560 2100 714 2177 suspiciof

179 2211 210 2269 7.
232 2210 278 2268 Ac
293 2227 329 2267 ne
343 2207 512 2282 existimes,
528 2207 643 2283 Triari,
665 2208 744 2284 quod
761 2207 886 2265 afferam
901 2207 1074 2266 indicendo
1089 2225 1137 2267 me
1150 2209 1211 2266 tin-

140 2333 213 2393 gere
226 2315 327 2393 ipsum
342 2322 372 2374 et
387 2333 473 2374 nona
487 2331 673 2374 reocausam
687 2331 883 2391 cognoscere,
900 2315 1059 2391 explicabo
1074 2315 1130 2375 tibi
1142 2335 1210 2392 quae

138 2421 254 2486 fuerint
272 2419 430 2497 opiniones
450 2420 483 2480 in
506 2420 648 2480 Sardinia
672 2420 708 2479 de
726 2419 819 2480 istius
842 2420 982 2480 mulieris
1002 2427 1101 2480 morte
1125 2420 1208 2500 (nam

138 2529 262 2588 fuerunt
277 2525 368 2606 duae),
386 2547 445 2604 quo
459 2529 551 2588 etiam
565 2503 687 2588 facilius
703 2525 753 2609 [bi
766 2528 929 2588 etScacori
940 2531 1163 2589 innocentiam
1177 2541 1209 2590 et

138 2639 271 2696 testium
295 2646 429 2696 tuorum
448 2638 627 2697 audaciam
645 2654 838 2713 copnoscere
857 2637 988 2712 possint
994 2657 1008 2709 ,·
1027 2647 1059 2697 et
1080 2655 1205 2713 eornm,

138 2749 318 2820 quaefacta
333 2751 420 2816 sunt,
436 2743 696 2824 indip'nitotem]
903 2821 905 2825 Ι

177 2851 206 2910 8.
231 2847 363 2932 [Sardoa
372 2853 470 2910 istius
481 2854 621 2911 maritus
633 2851 712 2910 Aris
724 2857 864 2911 matram
875 2849 1050 2932 Bostaris}
1068 2856 1099 2910 te
1114 2851 1179 2910 dixi
1195 2858 1205 2886 ¹

136 2957 332 3018 libidinosam
341 2963 432 3034 atque
444 2959 613 3035 improbam
627 2963 769 3032 matrem,
786 2957 892 3018 infami
914 2977 949 3017 ac
968 2963 1038 3016 noto
1054 2957 1205 3018 adulterio

131 3067 196 3142 jam
212 3064 263 3124 diu
278 3065 435 3142 diligebat.
453 3069 494 3140 Is,
512 3085 604 3142 quum
619 3067 697 3126 hanc
711 3083 797 3126 suam
819 3083 947 3125 uxorem
970 3083 1061 3125 anum
1075 3070 1106 3124 et
1120 3066 1206 3124 locu·

135 3175 248 3252 pletcm
263 3180 293 3234 et
307 3175 466 3234 molestam
488 3174 622 3248 timeret,
638 3192 735 3251 noque
750 3193 817 3233 cam
832 3175 946 3234 habere
959 3173 992 3232 in
1009 3173 1204 3233 matrimonio

134 3289 261 3360 propter
284 3281 455 3340 foeditatem
480 3301 577 3358 neque
602 3281 758 3341 dimittere
785 3258 911 3359 propter
940 3282 1041 3340 dotem
1069 3282 1201 3342 volebat.

135 3391 241 3466 ltaque
253 3395 408 3466 compacto
423 3409 491 3448 oum
505 3396 605 3449 matre
621 3390 761 3449 Bostaris
781 3389 945 3448 consilium
966 3389 1056 3465 oepit,
1071 3393 1105 3450 ut
1117 3395 1203 3449 uter-

135 3516 193 3575 que
204 3499 332 3556 Romam
343 3497 481 3575 veniret3
493 3498 536 3556 ibi
547 3516 580 3556 se
595 3497 728 3573 aliquam
740 3497 891 3556 rationem
902 3496 1114 3572 inventurum,
1128 3513 1202 3572 que-

94 3629 97 3636 ’
134 3589 327 3667 madmodum
341 3607 429 3667 illam
443 3625 570 3667 uxorem
585 3609 720 3678 duceret,
739 3606 942 3667 confirmavit.

173 3715 202 3773 9.
227 3716 286 3774 Hic
309 3715 410 3793 opinio
431 3715 501 3789 fuit,
522 3721 555 3774 ut
577 3715 654 3785 dixi,
676 3715 801 3790 duplex,
827 3732 887 3772 una
907 3732 966 3772 non
991 3714 1160 3773 abhorrens
1185 3734 1202 3774 a

133 3828 215 3882 statu
230 3829 399 3900 naturaque
414 3842 529 3901 rerum,
547 3823 652 3883 Arinis
666 3823 678 3857 ²
693 3839 820 3881 uxorem
835 3821 993 3899 paelicatus
1007 3822 1111 3882 dolore
1126 3842 1202 3882 con-

133 3929 268 4006 citatam,
290 3949 383 4008 quum
407 3931 543 3991 audisset
562 3930 691 3991 Arinem
710 3948 779 3989 cum
800 3929 857 3990 illa
876 3947 931 3989 sua
946 3935 1046 3989 metus
1067 3936 1098 3989 et
1118 3929 1199 4008 fugae

159 4123 169 4159 1
185 4125 242 4168 Haec
251 4128 320 4168 sunt:
332 4131 355 4168 te
365 4126 423 4170 diost
431 4148 444 4158 -
458 4151 468 4161 -
478 4129 500 4172 si
510 4129 577 4171 doces
588 4127 684 4172 tabulis.
693 4126 740 4176 §.18
750 4139 762 4170 e
772 4125 851 4168 codice
861 4123 1022 4176 Ambrosiam,
1033 4136 1100 4180 quom
1111 4122 1200 4182 primus

132 4198 203 4241 edidit
213 4198 303 4254 Angelo
316 4199 371 4243 Mai.

158 4267 170 4304 ²
184 4270 272 4316 Verba:
284 4271 371 4316 Arinis
381 4295 392 4304 ·
407 4295 418 4304 ·
427 4273 574 4317 concitatum
584 4271 655 4316 refert
667 4269 810 4322 Priscianus,
823 4264 865 4313 lib‘.
878 4268 919 4331 Vl,
933 4281 956 4326 p.
967 4268 1014 4314 689.
1025 4270 1047 4314 J.
1058 4269 1086 4314 V.
1100 4267 1200 4314 Leclerc.
