3024 4944
318 389 363 440 138
419 389 669 441 FRAGMENTA
691 389 935 442 ORATIONUM
957 389 1287 442 DEPERDITARUM

318 511 471 570 utrumvis
486 512 562 572 sutis
576 518 623 572 est
633 514 758 590 planum
772 513 884 586 iecere,
907 514 958 573 vel
973 531 1006 574 sc
1021 531 1097 572 nme
1109 513 1176 592 ipso
1191 514 1223 572 vi
1234 515 1381 592 dejectum

316 635 396 691 csse,
422 620 472 679 vel
494 637 542 679 me
561 621 722 681 consilinm
741 621 847 681 iniisse
869 628 902 681 ut
923 621 954 682 vi
977 621 1173 700 dejiceretur.
1198 622 1273 682 Plus
1292 621 1383 698 igitur

223 729 227 736 '
318 727 421 784 (tatur
437 726 565 786 Glnudin
581 743 679 802 quum
699 729 746 785 ita
770 726 968 785 interdicitur
991 727 1070 784 unde
1090 726 1160 786 dolo
1180 726 1260 785 malo
1272 746 1339 786 meo
1354 728 1382 785 vi

318 834 456 911 dejectus
471 836 522 906 sit,
541 835 669 910 quamsi
683 835 811 894 daretur
824 836 905 894 unde
920 854 937 894 a
951 853 999 894 me
1014 835 1046 894 vi
1059 835 1296 912 dejectnsesset.
1310 837 1383 894 Nam

318 940 349 999 in
364 943 421 1000 hoc
433 942 612 1019 posteriore,
629 941 688 1003 nisi
703 943 769 1019 ipse
783 948 903 1020 egomet
915 943 1105 1021 dejecissem,
1121 943 1278 1002 vincerem
1295 961 1385 1020 spon-

317 1049 432 1109 sionem
449 1072 455 1108 :
473 1050 504 1108 in
519 1051 572 1109 illo
582 1051 696 1126 priore,
713 1051 764 1109 ubi
777 1050 865 1109 dolus
879 1051 977 1118 malus
992 1049 1127 1120 additur,
1146 1049 1212 1108 sive
1222 1050 1383 1108 consilium

317 1157 455 1228 inissem,
473 1157 539 1216 sive
559 1158 627 1234 ipse
647 1157 841 1237 dejecissem,
862 1175 986 1216 necesse
1004 1162 1072 1216 erat
1086 1157 1123 1216 de
1142 1158 1210 1216 dolo
1224 1158 1306 1217 malo
1322 1177 1383 1216 meo

319 1262 350 1321 vi
363 1262 514 1342 dejectum
528 1263 676 1341 judicari.

357 1371 407 1430 31.
425 1373 490 1430 Hoc
508 1369 665 1447 persimile
685 1375 776 1445 atque
790 1370 865 1429 adeo
879 1371 968 1447 plane
982 1369 1063 1428 idem
1077 1376 1124 1429 est
1144 1369 1174 1429 in
1189 1371 1247 1430 hoc
1257 1370 1384 1449 judicio,

318 1477 550 1554 reciperatores.
569 1479 681 1549 Quaero
691 1457 839 1535 enimabs
848 1483 878 1536 te
896 1499 903 1536 :
922 1476 948 1536 si
963 1477 1007 1535 ita
1014 1476 1165 1554 judicium
1179 1477 1285 1536 datum
1295 1484 1385 1553 esset,

318 1599 452 1650 oonurna
467 1599 614 1642 PEGUNIAE
636 1599 737 1642 rnnnr
751 1599 772 1640 n
785 1597 919 1640 annuns
935 1583 971 1641 P.
988 1583 1081 1640 Fnou
1096 1557 1128 1641 vl
1142 1598 1313 1642 nonnosus
1328 1600 1387 1642 nn-

318 1707 414 1750 1111111
428 1707 567 1750 namnum
582 1689 626 1747 M.
639 1690 759 1748 'Tnnmo
776 1703 897 1756 narum,
918 1688 991 1763 quid
1006 1689 1135 1748 haberes
1152 1689 1231 1764 quod
1246 1679 1387 1748 diceres?

318 1795 417 1871 Nihil,
434 1797 560 1872 opinor.
583 1796 705 1855 Fateris
734 1794 814 1853 enim
838 1794 950 1871 omnia,
968 1801 997 1855 et
1012 1796 1160 1855 familiam
1183 1799 1220 1856 P.
1239 1797 1329 1856 Fabii
1343 1797 1387 1856 ie·

318 1902 408 1970 cisse,
425 1907 456 1961 et
472 1907 502 1961 vi
516 1902 690 1961 hominibus
705 1901 830 1960 armatis
845 1901 966 1963 fecisse.
985 1905 1070 1974 Quod
1093 1903 1230 1962 additum
1245 1909 1293 1963 est
1310 1923 1387 1964 nono

319 2025 417 2083 nnnc,
439 2009 470 2068 id
490 2017 520 2070 te
544 2009 692 2090 adjuvare
715 2022 814 2094 putas,
839 2015 870 2074 in
887 2031 946 2089 quo
965 2010 1151 2089 opprimitur
1164 2017 1195 2069 et
1212 2011 1388 2070 excluditur

319 2117 416 2176 omnis
436 2123 488 2178 tua
503 2119 650 2180 defensio.

357 2226 406 2284 32.
430 2227 510 2287 Nam
525 2227 551 2286 si
567 2229 703 2288 additum
720 2229 751 2288 id
771 2249 830 2290 non
853 2234 936 2288 essct
962 2246 997 2287 ac
1019 2226 1076 2285 tibi
1099 2226 1220 2286 libitum
1241 2232 1323 2286 esset
1346 2226 1388 2286 ita

318 2332 481 2391 defendere
504 2343 585 2392 tuam
606 2333 752 2392 familiam
777 2353 836 2392 non
855 2333 975 2409 iecisse,
999 2333 1152 2407 vinceres,
1170 2331 1197 2390 si
1210 2331 1241 2389 id
1258 2334 1388 2408 probare

318 2441 480 2516 potuisses.
493 2441 522 2500 N
525 2460 594 2514 unc,
608 2441 677 2501 sive
689 2442 744 2502 illa
759 2441 934 2501 defensione
948 2440 1167 2517 uti-voluisses,
1180 2439 1247 2498 sive
1259 2441 1318 2498 hac
1332 2458 1388 2516 qua

248 2563 254 2576 ·
319 2545 427 2619 uteris,
453 2547 664 2606 condemneris
678 2566 802 2608 necesse
816 2555 880 2624 est3
898 2547 956 2607 nisi
972 2553 1114 2624 putamus
1135 2547 1232 2606 eom¹
1250 2549 1287 2604 in
1293 2547 1389 2622 judi-

319 2651 399 2709 cium
413 2652 520 2710 venire
530 2653 581 2728 qui
592 2653 754 2713 consilium
768 2654 884 2728 inierit,
900 2654 988 2712 illum
1004 2651 1053 2728 qui
1070 2651 1179 2711 fecerit
1193 2671 1252 2711 non
1268 2653 1386 2728 venire,

319 2776 410 2832 quum
424 2759 587 2821 consilium
602 2759 669 2819 sine
683 2760 763 2820 iacto
778 2759 911 2837 intelligi
926 2759 1033 2836 possit,
1051 2760 1165 2818 factum
1180 2759 1246 2818 sine
1259 2760 1388 2819 consilio

319 2885 377 2925 non
390 2866 499 2942 possit.
516 2869 566 2925 An
580 2867 659 2942 quod
675 2867 789 2926 iactum
804 2871 870 2945 ejus
883 2867 965 2925 modi
979 2872 1035 2936 est,
1053 2871 1086 2924 nt
1101 2865 1167 2924 sine
1181 2866 1302 2925 occulto
1317 2885 1389 2924 con·

319 2972 400 3042 silio,
418 2973 483 3032 sine
498 2979 595 3049 nocte,
615 2973 680 3032 sine
694 2973 740 3050 vig
754 2973 819 3032 sine
834 2974 943 3031 damno
958 2972 1097 3046 alteriue,
1116 2973 1182 3030 sine
1200 2971 1305 3042 armis,
1323 2973 1388 3032 sine

319 3079 412 3154 caede,
430 3079 495 3138 sinc
507 3080 655 3140 maleficio
667 3081 736 3139 fieri
747 3099 804 3139 non
815 3080 959 3158 potuerit,
976 3080 1007 3139 id
1018 3081 1085 3138 sinc
1100 3080 1169 3138 dolo
1178 3081 1259 3138 malo
1274 3079 1388 3138 lactum

315 3183 528 3265 judicabiturl

358 3293 408 3351 33.
433 3295 481 3352 An
492 3311 551 3369 qua
564 3292 596 3351 in
611 3311 645 3352 re
660 3303 772 3370 praetor
779 3295 826 3354 illi
842 3279 1011 3371 improbam
1027 3292 1232 3352 defensionem
1248 3293 1318 3353 tolli
1334 3312 1389 3353 vo-

318 3399 386 3470 luit,
402 3400 434 3458 in
447 3419 482 3460 ea
494 3419 528 3459 re
543 3401 618 3458 mihi
633 3401 840 3462 difficiliorem
858 3401 1008 3461 actionem
1023 3399 1136 3460 iactam
1147 3401 1315 3477 putabitisl
1331 3399 1387 3458 Hic

318 3509 393 3567 mihi
406 3509 460 3568 isti
474 3506 626 3584 singulari
643 3492 767 3582 ingenio
790 3507 934 3568 videntur
957 3529 1034 3580 esse,
1052 3510 1103 3586 qui
1114 3515 1144 3568 et
1158 3508 1199 3577 id,
1216 3506 1296 3582 quod
1312 3503 1386 3563 mihi

318 3623 424 3675 contra
441 3617 513 3675 illos
528 3616 631 3675 datum
648 3621 708 3686 cst,
732 3614 792 3691 ipsi
813 3616 970 3693 adripiunt
992 3623 1022 3677 et
1045 3616 1170 3694 scopulo
1190 3620 1282 3689 atque
1303 3611 1387 3671 saxis

319 3741 373 3800 pro
387 3732 477 3801 portu
497 3727 690 3803 stationeque
704 3731 843 3787 utuntur.
860 3728 940 3808 Nam
954 3727 985 3785 in
1005 3726 1074 3786 dolo
1087 3725 1167 3783 malo
1182 3721 1292 3782 volunt
1307 3720 1388 3779 dcli-

318 3836 447 3901 tenere,
464 3832 495 3892 in
515 3853 573 3910 quo
592 3855 650 3894 non
673 3837 772 3908 modo,
798 3853 889 3910 quum
911 3833 1012 3892 omnia
1026 3832 1086 3909 ipsi
1099 3830 1238 3890 iecerunt
1253 3845 1321 3903 quae
1340 3825 1388 3884 ia-

318 3945 433 4009 tentnr‚
445 3959 555 4001 verum
570 3945 660 4003 etiam
676 3945 701 4003 si
716 3962 770 4020 per
783 3943 859 4002 alios
873 3942 905 4001 id
919 3941 1075 4018 fecissent,
1092 3923 1246 3999 haererent
1256 3941 1387 3996 actene-

318 4054 437 4110 rentur.

346 4287 353 4320 t
372 4282 404 4324 lto
416 4279 499 4324 melius
510 4281 633 4324 Amedaeus
643 4283 745 4338 Peyron.
