3070 4950
342 435 346 442 .
436 394 974 446 ORATIO'PROM.FUNDANIO
1155 393 1237 444 ’31

173 541 211 589 se
238 515 443 612 proselenos
465 513 476 554 ¹
502 539 578 587 esse
607 513 886 603 assereba11t,id
914 522 977 604 est,
1010 524 1090 586 ante
1118 514 1239 585 lunam

173 644 285 723 natos,
311 656 486 729 quumque
503 632 602 704 testis
619 627 633 670 ²
652 631 792 725 quidam
806 655 851 702 ne
861 631 1010 725 primam
1022 631 1160 725 quidem
1176 631 1239 702 lit-

172 761 283 822 teram
312 750 464 821 nominis
490 748 601 836 illius,
631 757 754 820 contra
778 770 879 842 quem
906 746 1145 818 testimonium
1166 755 1240 817 erat

171 867 341 958 dicturus⁷
370 864 599 958 pronuntiare
624 867 765 958 posset?
793 863 902 947 Quem
927 864 1059 956 jocum,
1092 864 1120 933 si
1141 863 1241 934 testis

170 984 271 1054 istius
289 980 437 1055 infantia
454 981 502 1051 ita
517 978 746 1073 effingeretur
761 989 799 1051 ut
812 981 944 1072 insigni
957 979 1002 1050 ad
1020 980 1240 1052 irridendum

169 1099 253 1169 vitio
291 1104 487 1192 appareret,
518 1096 593 1166 sine
627 1095 730 1182 dubio
763 1106 864 1188 grato
894 1096 1045 1170 Romani
1080 1097 1241 1168 audituri

173 1214 381 1286 videbantur
396 1238 404 1304 ;
422 1213 496 1300 sed,
518 1235 715 1307 quanquam
730 1211 894 1282 hilaritas
910 1235 1003 1308 saepe
1021 1212 1242 1285 benevolen-

173 1332 259 1402 tiam
277 1329 440 1401 conciliat
459 1331 489 1400 ei
509 1330 566 1423 qui
591 1336 719 1412 movet,
744 1328 926 1422 ipsumque
950 1321 1126 1408 oratorem
1146 1330 1241 1425 poli-

138 1465 150 1486 ·
172 1455 245 1518 tum
261 1467 337 1516 esse
350 1445 525 1515 hominem
543 1443 730 1538 significat,
747 1442 1069 1538 miseria³insignis
1080 1445 1241 1537 nonagi-

150 1546 152 1549 '
172 1572 246 1634 tata
270 1560 405 1632 ridetur
418 1585 427 1651 ;
458 1568 504 1648 et,
532 1562 561 1632 si
588 1559 742 1632 Arcades
765 1560 925 1652 linguam
944 1561 1091 1634 latinam
1111 1562 1241 1634 rustice

172 1678 230 1748 vel
249 1678 364 1749 hiulce
390 1677 672 1770 pronuntiarent,
696 1699 765 1745 non
787 1676 865 1748 ideo
880 1677 1076 1768 judicatum
1092 1703 1241 1751 accusa-

172 1793 302 1864 tionem
320 1815 442 1862 eorum
469 1794 610 1864 inanem
630 1789 769 1863 efficere
793 1791 983 1886 debuisset,
1009 1805 1043 1866 et
1063 1797 1180 1867 nescio
1196 1819 1240 1868 an

61 1924 64 1928 ’
171 1909 332 1982 Ciceroni
343 1907 482 1980 facilius
495 1917 587 1980 esset
601 1907 761 1980 deridere
774 1908 916 1979 Graecos
928 1933 1033 2004 quum
1048 1912 1237 1999 Fundanii,

170 2047 273 2120 quem
282 2032 400 2095 tamen
409 2024 545 2115 judices
556 2023 795 2110 absolverunt,
809 2023 1048 2118 integritatem
1063 2035 1240 2098 ostentare

169 2164 210 2212 ac
228 2138 391 2234 probare.

201 2385 209 2417 ¹
227 2382 339 2440 Servius,
355 2384 388 2432 ad
401 2385 487 2444 Georg
499 2421 505 2442 ‚
519 2383 564 2434 lib.
579 2385 713 2444 11‚v.342.

200 2462 211 2496 ²
226 2462 404 2523 Quintilianus,
420 2463 463 2513 lib.
477 2464 497 2521 Ι,
514 2480 535 2513 c.
553 2479 590 2514 vr.

200 2543 212 2576 3
227 2541 264 2590 De
279 2544 394 2600 Oratore,
411 2543 454 2593 lib.
470 2545 501 2603 ΙΙ,
516 2563 537 2592 c.
554 2559 626 2596 Lvnr.
