3044 4938
335 429 483 480 ORATIO
506 431 580 481 PRO
603 430 640 482 ll.
667 429 819 484 AEMILIO
842 433 1000 485 SCAL'RO
1159 437 1203 488 103

132 559 278 622 vocatus
292 560 395 622 esset.
413 553 489 622 Hoc
503 552 713 646 principium
728 554 907 626 nonnullis
921 554 1086 626 laudibus
1097 563 1204 628 exer—-

131 677 263 739 narunt
286 677 320 739 et
340 666 592 750 Quintilianus¹
622 679 657 740 et
681 665 783 740 divus
803 669 1068 764 Augustinus23
1095 683 1147 760 at,
1172 675 1202 744 si

127 793 258 878 quanta
278 784 414 856 dicendi
439 796 514 854 arte
540 810 557 853 o
581 785 829 878 turpitudinem
852 787 1011 859 criminis
1031 789 1202 880 dignitate

127 921 288 992 personae
310 910 511 991 contegeret
536 925 554 968 a
585 900 817 972 consideravit
839 902 943 988 alter,
966 904 1055 976 alter
1085 915 1199 976 autem

128 1013 301 1109 quomodo
315 1015 403 1085 bene
417 1015 493 1086 fieri
515 1025 657 1108 possent
671 1017 707 1086 in
722 1018 863 1090 exordio
875 1019 1037 1114 exempla
1048 1021 1196 1104 edocuit,

127 1141 254 1202 neuter
289 1129 535 1202 animadvertit
568 1132 677 1226 patris
706 1133 765 1230 illa
799 1138 1125 1208 commemoratione
1162 1160 1202 1208 ac

128 1247 389 1340 comparatione
415 1247 553 1340 judices
576 1249 706 1318 sensim
734 1248 779 1319 ad
804 1248 839 1319 id
864 1249 1030 1321 adductos
1053 1274 1131 1322 esse
1165 1261 1201 1320 ut

127 1385 304 1434 summum
326 1363 475 1435 civitatis
499 1364 617 1434 virum
638 1375 673 1436 et
700 1363 875 1436 Sardiniae
894 1366 1136 1462 populatorem
1162 1366 1199 1434 in

128 1501 229 1573 aequo
246 1488 429 1572 ponerent.
453 1479 506 1549 Ad
516 1458 608 1567 boc,
631 1489 669 1551 ut
696 1481 811 1551 statim
840 1501 926 1572 erga
947 1489 1135 1576 patronum
1159 1503 1200 1552 ac

130 1619 230 1666 reum
248 1595 534 1686 conciliarentur,
557 1597 600 1668 de
619 1619 656 1666 se
675 1599 748 1690 ipso
770 1596 905 1668 dicebat
923 1598 1075 1690 parcius
1098 1600 1146 1669 ita
1163 1608 1200 1670 ut

128 1735 200 1783 non
215 1711 405 1784 ambitione
425 1712 485 1783 sed
504 1709 617 1783 officio
637 1721 671 1784 et
691 1722 794 1804 grato
816 1712 932 1784 animo
947 1712 993 1784 ad
1005 1711 1097 1783 hanc
1112 1734 1199 1783 cau--

128 1849 203 1900 sam
228 1827 486 1922 suscipiendam
508 1829 630 1898 ductus
649 1850 726 1899 esse
751 1827 944 1900 videretur.
968 1829 1071 1911 Tum,
1100 1839 1199 1922 post*

128 1967 232 2038 quam
251 1953 387 2038 partem
402 1966 502 2028 snam
524 1945 573 2014 ita
592 1943 866 2034 commendarat,
884 1942 928 2016 ad
942 1943 1197 2038 expositionem

129 2072 162 2130 et
190 2059 433 2153 probationem
457 2061 645 2150 transibat,
670 2061 713 2132 ad
732 2084 835 2155 quam
850 2061 990 2153 judices
1013 2083 1213 2154 praepara-¹

86 2183 91 2190 “
128 2174 209 2265 bat,
235 2183 269 2245 et
290 2176 537 2247 commonendo
561 2185 600 2246 ut
622 2176 738 2246 ordini
756 2175 943 2245 criminum
962 2175 1118 2245 animum
1138 2185 1188 2246 at-

128 2291 325 2380 tenderent,
344 2301 377 2363 et
400 2294 656 2364 accusationem
675 2290 898 2378 infirmando,
919 2281 1021 2383 cujus
1038 2288 1198 2360 obscuri-

91 2467 96 2474 .
128 2411 234 2479 tatem
267 2417 301 2479 et
330 2407 494 2479 tenebras
527 2407 708 2479 levissime
741 2406 1033 2502 reprehendebat.
1070 2405 1196 2476 Utrum

126 2523 339 2594 accusatoris
354 2525 391 2593 in
411 2523 616 2594 criminibus
635 2522 812 2594 diluendis
830 2546 876 2594 an
896 2523 1075 2594 diversum
1095 2519 1197 2592 ordi-1

127 2661 208 2707 nem
222 2637 341 2708 Cicero
360 2639 404 2710 sit
428 2649 569 2710 secutus
592 2636 734 2710 difficile
757 2647 810 2710 est
825 2635 1023 2726 affirmare3
1040 2645 1195 2709 attamen

126 2751 232 2846 plane
251 2762 397 2844 apparet
415 2760 574 2822 nostrum
595 2753 632 2822 in
657 2752 899 2846 respondendo
928 2776 997 2840 non
1021 2752 1105 2846 quid
1124 2774 1195 2821 saer

125 2868 267 2962 pissime
294 2868 356 2940 sed
382 2869 464 2964 quid
489 2877 581 2940 esset
600 2869 686 2940 utile
704 2891 781 2940 esse
805 2868 982 2940 intuitum.
1004 2867 1085 2938 Non
1103 2866 1195 2938 enim

126 2985 378 3076 gravissimum
395 2984 545 3080 quidque
564 2986 715 3079 primum
730 2983 925 3071 emovebat,
944 2983 1101 3054 sedante
1117 3006 1185 3054 om·
1235 3030 1238 3034 -

126 3100 184 3170 nia
207 3099 402 3170 disserebat
420 3100 463 3170 de
479 3099 687 3190 levioribus,
709 3107 782 3169 tum
805 3099 886 3193 quia
904 3098 1106 3191 gravissimi
1129 3098 1195 3170 de·-

126 3213 241 3287 fensio
259 3224 335 3288 erat
354 3213 546 3302 difficilior,
569 3224 643 3285 tum
663 3214 756 3309 quia,
776 3213 955 3306 judicibus
972 3215 1087 3284 omnia
1104 3212 1196 3286 falsa

128 3354 206 3402 esse
220 3330 514 3419 existimantibus,
528 3330 653 3402 ultima
668 3328 804 3401 cautius
816 3330 963 3422 aggredi
980 3340 1130 3424 poterat.
1143 3332 1195 3402 De

127 3447 189 3519 illa
218 3446 386 3518 orationis
405 3456 516 3540 parte,
549 3469 615 3541 qua
638 3446 767 3517 veneni
790 3445 862 3518 dati
884 3446 1025 3517 Bostari
1056 3447 1194 3517 cuidam

124 3563 278 3635 Norensi
302 3564 533 3657 suspicionem
551 3561 776 3652 removebat,
801 3560 1003 3655 fragmenta
1034 3558 1194 3632 tantum³

123 3701 233 3773 pauca
253 3686 287 3750 et
310 3700 434 3750 manca
452 3688 652 3772 supersunt.
676 3676 733 3748 Ex
754 3677 797 3748 iis
816 3677 956 3773 quidem
975 3676 1194 3770 suspicamur

124 3817 194 3865 non
207 3793 321 3865 solum
337 3791 559 3867 defensorem
582 3815 732 3886 negasse
755 3816 832 3865 esse
850 3791 994 3881 factum,
1017 3792 1193 3865 decausis

123 4128 134 4164 ·'
156 4127 165 4160 ¹
182 4119 237 4176 Lib.
251 4120 297 4184 tv,
314 4143 336 4177 c.
354 4141 372 4177 1.

156 4208 167 4242 ²
182 4207 296 4271 Princip.
310 4206 429 4264 Rhetor.‚
440 4223 466 4271 p.
482 4205 528 4256 328
539 4205 618 4272 Cupp.

155 4288 166 4321 ³
182 4286 331 4336 Marcianus
345 4285 456 4351 Capella,
469 4286 515 4336 lib.
532 4287 562 4341 Υ,
