3044 4938
398 339 549 389 ORATIO
571 337 650 388 PRO
671 337 705 392 M.
726 337 880 388 AEMILIO
902 339 1061 390 SCAURO
1097 359 1107 376 x
1218 337 1262 391 tlt

193 459 251 553 qni
269 457 363 553 plebi
382 460 552 531 Romanae
566 456 774 529 laborabant
792 457 961 554 illamque·
978 458 1131 548 alebant,
1162 483 1262 530 sum-

193 599 267 646 mas
281 575 432 668 injurias
442 584 560 648 essent
578 575 749 669 perpessi,
767 575 966 668 intelligere
978 575 1061 646 licet
1076 598 1180 670 quam
1194 598 1261 647 va-

191 695 256 785 rie,
279 717 382 790 qnam
398 697 547 788 copiose,
573 717 677 789 quam
700 695 856 789 apposite
879 695 1089 766 accusationi
1109 718 1259 791 respon-

194 809 312 882 disset.
341 811 387 882 nt
408 834 491 905 pars
518 811 582 882 illa
605 803 677 882 tota
700 811 855 893 evanuit,
879 834 944 882 nec
968 811 1057 882 scire
1075 833 1260 905 possumus

193 950 298 1021 quam
311 929 425 1021 opima
438 936 529 998 esset
539 935 573 998 et
586 924 713 999 fertilis
724 925 886 998 Sardinia
895 947 1064 1018 agrorum
1078 925 1257 1015 ubertate3

193 1041 309 1113 neode
324 1064 365 1112 ea
380 1039 584 1111 defensione
600 1037 695 1112 ferre
705 1039 885 1135 judicium,
900 1063 1003 1136 quam
1014 1063 1092 1111 cum
1103 1041 1261 1111 oratione

193 1159 229 1228 in
249 1158 398 1230 Verrem
412 1157 455 1229 de
471 1181 510 1228 re
525 1155 757 1229 frumentaria
773 1180 915 1253 aequare
934 1179 974 1228 ac
991 1156 1153 1229 conferre
1172 1157 1260 1229 utile

194 1282 304 1357 esset;
333 1273 453 1368 itaque
471 1273 514 1344 de
532 1273 767 1366 peroratione,
790 1295 869 1366 quae
889 1273 1022 1365 majore
1043 1281 1204 1367 exparte
1225 1273 1258 1342 in

193 1388 358 1460 manibus
372 1399 439 1476 est,
457 1379 692 1462 nunc'dice're
707 1413 850 1462 necesse
869 1399 934 1462 est.
957 1389 1036 1477 Hic,
1055 1389 1135 1460 dicit
1148 1386 1261 1472 Quin-

190 1504 369 1594 tilianus¹,
393 1506 423 1578 si
448 1529 615 1601 unquam,
640 1515 729 1579 totos
753 1505 964 1601 eloquentiae
987 1504 1102 1588 fontes
1120 1504 1258 1598 aperire

194 1622 295 1712 licet;
316 1631 481 1711 attamen,
507 1631 631 1696 contra
650 1646 792 1709 morem,
822 1621 956 1712 (licem,
984 1625 1040 1719 qui
1069 1623 1197 1716 saepius
1219 1642 1258 1690 ea

193 1739 417 1812 miseratione
438 1763 522 1811 usus
541 1749 610 1831 est,
633 1763 711 1835 quae
730 1740 885 1834 judicem
908 1740 1001 1811 flecti
1022 1763 1093 1811 non
1124 1746 1259 1809 tantum

192 1865 334 1947 cogeret
348 1855 410 1928 sed
424 1865 554 1926 motum
571 1878 708 1950 quoque
723 1857 831 1927 animi
843 1856 896 1927 sui
909 1855 1075 1948 lacrymis
1086 1850 1255 1935 confiteri,

192 1971 237 2042 ad
252 1973 442 2044 movendos
456 1971 557 2042 fletus
575 1995 639 2043 sua
658 1972 815 2044 oratione
834 1995 905 2042 non
923 1969 1073 2064 aggredi
1086 1966 1254 2038 tentabat.

191 2086 292 2169 Quod
315 2086 454 2181 quidem
482 2109 553 2157 nou
576 2084 745 2176 faciebat,
775 2088 854 2180 quia
877 2086 966 2156 nihil
995 2083 1130 2156 facilius
1154 2105 1256 2177 quam

192 2199 361 2295 lacrymae
379 2203 594 2290 inarescunt,
618 2198 679 2273 sed
698 2203 778 2297 quia
794 2203 898 2274 rebus
912 2199 1142 2296 praesentibus
1158 2197 1256 2291 judi-

190 2337 270 2386 cum
283 2317 440 2387 animum
457 2341 495 2390 se
506 2319 753 2391 ¹vehementius
767 2320 951 2391 ducturum
966 2341 1044 2389 esse
1060 2340 1130 2388 non
1150 2315 1256 2408 igno-

191 2433 305 2503 rabat.
334 2433 431 2526 Ergo
445 2488 454 2523 ,
478 2458 583 2530 quum
610 2437 661 2506 M.
688 2435 859 2507 Scaurum
885 2435 1059 2529 imprimis
1082 2435 1256 2527 majorum

102 2561 106 2568 '
191 2553 316 2622 merita
339 2551 634 2638 commendarent,
666 2552 775 2645 digito
795 2551 1015 2623 monstrabat
1031 2559 1066 2622 et
1088 2550 1256 2643 designa-

188 2665 247 2737 bat
265 2665 394 2760 templa
408 2689 449 2738 ea
468 2666 657 2756 illustrata,
675 2691 753 2762 quae
773 2668 875 2762 quasi
891 2667 1082 2760 imaginem
1096 2689 1216 2736 rerum
1236 2687 1256 2736 a
1310 2759 1315 2770 ι

187 2779 345 2875 patribus
360 2782 412 2852 rei
425 2791 606 2874 gestarum
621 2782 779 2853 omnibus
794 2781 1109 2877 repraesentabant.
1122 2780 1255 2851 Verum

189 2905 319 2991 quanta
336 2897 504 2990 dignitas,
528 2909 659 2993 quanta
682 2900 852 2992 gravitas,
879 2908 1009 2994 quanta
1032 2900 1067 2968 in
1085 2895 1146 2969 illa
1170 2919 1256 2968 ora-

187 3012 294 3083 tionis
309 3014 605 3086 consummatione
618 3016 797 3109 majestas‚
811 3037 879 3110 qua
890 3024 1021 3102 noster,
1036 3036 1254 3108 nequaquam

185 3129 337 3201 invisam
353 3131 575 3203 securitatem
594 3154 669 3225 prae
686 3156 723 3203 se
742 3129 874 3223 serene,
898 3143 932 3206 et
951 3132 1046 3204 velut
1062 3131 1153 3202 bona
1167 3122 1254 3203 co'n-

186 3244 337 3318 scientia'
351 3246 537 3341 impulsus,
560 3247 605 3320 ad
620 3241 672 3319 M.
690 3249 861 3321 Scaurum
880 3258 1016 3345 patrem
1027 3245 1254 3341 confugiebat

185 3361 441 3458 invocabatque
460 3372 498 3433 nt
512 3363 628 3453 derum,
648 3365 696 3436 ita
710 3375 748 3436 ut
768 3389 838 3436 non
860 3364 931 3435 filio
951 3364 1086 3456 objecta
1105 3363 1269 3434 crimina¹

183 3476 245 3547 sed
266 3477 377 3571 patris
393 3479 515 3550 merita
526 3479 661 3575 judices
680 3481 893 3571 meminisse,
914 3504 979 3551 nec
994 3479 1166 3550 Sardiniae
1185 3479 1250 3549 de-

182 3592 420 3686 peculatorem
441 3594 503 3664 sed
521 3580 658 3688 paterni
681 3596 831 3666 nominis
854 3594 1032 3666 haeredem
1051 3594 1250 3665 absolutum

182 3706 357 3779 dimittere
371 3705 586 3782 viderentur.
605 3711 781 3802 Ceterum,
802 3713 899 3802 (nam
918 3710 992 3781 haec
1002 3716 1124 3779 narrat
1139 3708 1251 3778 Asco-

183 3821 293 3916 nius),
316 3847 388 3894 non
408 3825 683 3898 solumdicendo
697 3827 759 3898 sed
772 3828 877 3900 etiarn
890 3823 1113 3897 faciendoM.
1126 3823 1250 3894 Scauri

184 3962 246 4012 sex
264 3939 403 4034 patroni
417 3940 595 4037 lacrymas
609 3951 809 4029 moverant3
829 3964 910 4014 nam
927 3965 944 4011 «
962 3939 1006 4012 ad
1019 3961 1136 4034 genua
1149 3940 1249 4032 judi-

212 4199 222 4235 ¹
236 4199 415 4270 Quintilianus,
430 4201 475 4265 lib,
492 4201 538 4274 v1,
553 4217 576 4262 c,
591 4217 607 4259 ι.
