3044 4938
566 380 793 432 CONOLUSIO
1169 381 1216 434 123

147 519 227 570 nem
241 495 267 585 ¹,
291 499 328 569 in
356 520 423 592 quo
442 497 663 594 amplificatio
683 507 796 592 potest
819 499 1022 594 plurimum,
1046 499 1214 576 libentius

145 611 379 706 confugiebat.

195 730 254 817 At,
276 731 305 800 si
328 732 366 802 in
390 729 601 826 eloquentia,
621 756 725 827 qnam
743 732 846 808 hodie
864 734 1042 829 politicam
1055 732 1215 828 ‘aequales

145 845 258 917 nostri
287 848 480 938 nominant,
516 846 720 942 fragmenta
748 873 826 923 cum
861 875 996 924 summa
1032 849 1215 942 diligentia

146 963 341 1054 tractando,
371 987 482 1034 unum
512 963 570 1035 vel
594 962 765 1050 abfuisse,
788 964 846 1038 vel
876 965 1029 1038 defuisse
1056 964 1215 1036 Ciceroni

146 1101 355 1171 persuasum
369 1079 495 1169 babeo,
515 1080 552 1150 in
569 1077 660 1172 forn,
682 1081 718 1151 in
735 1081 888 1175 judiciis,
911 1083 948 1152 in
967 1081 1083 1154 causis
1096 1079 1215 1151 civili-

146 1193 225 1281 bus,
246 1195 407 1267 omnibus
422 1197 478 1287 iis,
499 1219 578 1290 quae
595 1196 632 1266 in
646 1219 782 1290 quoque
796 1197 986 1268 laudantur
999 1193 1027 1288 ²,
1051 1195 1112 1267 ille
1127 1196 1215 1268 emi-

146 1308 372 1382 nentissimus
388 1318 452 1382 est.
471 1310 571 1396 Quod
581 1311 675 1384 enim
689 1333 803 1404 genus
812 1313 848 1384 in
860 1311 1030 1402 Cornelii,
1044 1313 1079 1385 in
1092 1312 1215 1385 Scauri

146 1420 405 1498 defensionibus
430 1449 501 1498 non
532 1426 733 1520 reperitur?
760 1427 866 1500 Modo
893 1421 1082 1518 subtiliter,
1114 1429 1215 1500 modo

145 1541 316 1633 graviter,
333 1543 435 1614 modo
450 1551 641 1638 temperate
656 1543 751 1614 dicit.
770 1545 838 1616 Hic
859 1568 915 1616 res
930 1545 1110 1616 involutas
1128 1543 1216 1616 sub-

146 1655 255 1729 tiliter
288 1659 485 1732 definiendo
508 1657 522 1700 ³
549 1657 719 1756 explicat,
746 1661 821 1732 illic
846 1660 996 1732 ornandi
1024 1659 1159 1753 copiam
1182 1669 1216 1732 et

146 1772 353 1846 iarietatem
367 1775 587 1869 persequitur
606 1773 637 1864 4;
657 1774 712 1848 hic
730 1775 902 1866 breviter,
921 1775 1049 1849 callide
1068 1784 1102 1848 et
1119 1774 1215 1848 dilu-

146 1887 224 1959 cide
243 1899 367 1962 narrat
386 1887 421 1980 ⁵3
444 1889 516 1962 illio
528 1891 699 1965 orationis
713 1893 927 1986 gravitatem
945 1901 980 1964 et
993 1892 1214 1986 majestatem

145 2027 279 2098 praese
303 2003 371 2077 lert
393 2003 419 2076 ⁶.
442 2006 496 2078 Ad
514 2006 590 2095 hoc,
613 2031 721 2102 quum
739 2031 811 2080 non
831 2010 1016 2082 veritatem
1034 2008 1096 2079 sed
1118 2029 1214 2078 reum

149 2120 334 2214 quemdam
353 2118 522 2210 defendit,
543 2145 719 2217 quumque
739 2145 811 2194 non
824 2122 918 2217 apud
937 2145 1047 2194 unum
1061 2121 1214 2215 judicem

146 2236 236 2328 agit,
259 2237 321 2308 sed
338 2259 509 2310 concursu
529 2239 634 2310 totius
646 2239 763 2335 populi
777 2237 869 2312 facto
884 2236 910 2327 ⁷,
928 2240 987 2333 qui
1000 2236 1138 2310 dicendi
1153 2259 1215 2310 ar-

146 2351 230 2424 dore
253 2353 420 2426 incensus
447 2353 557 2426 veluti
587 2378 632 2425 ex
660 2355 868 2447 contagione
884 2353 1022 2447 judices
1044 2353 1212 2441 incendit,

147 2464 249 2555 falso,
265 2468 297 2539 -si
318 2491 461 2540 necesse
484 2468 540 2557 sit,
570 2493 634 2563 pro
652 2493 736 2542 vero
760 2468 882 2556 utitur,
912 2477 1003 2541 etse
1023 2463 1215 2540 tenebras'³3

147 2584 324 2656 offendere
339 2583 517 2678 judicibus
536 2607 606 2658 non
619 2585 765 2678 gloriari
780 2583 940 2656 dubitat:
963 2583 1046 2654 inde
1065 2583 1215 2676 argutiae

147 2700 282 2772 dicendi
297 2723 337 2771 ac
355 2700 537 2785 versutiae;
552 2701 635 2772 inde
648 2700 902 2793 digressiones
919 2709 989 2771 uta
1007 2722 1045 2770 re
1054 2698 1214 2792 judicum

146 2815 253 2886 animi
262 2823 467 2888 avertantur
481 2842 491 2898 ς
507 2815 590 2888 inde
605 2809 897 2888 mendaciuncula'
910 2843 919 2901 ;
934 2813 1016 2886 inde
1035 2835 1086 2886 eae
1106 2813 1215 2886 mise-

147 2931 314 3020 rationes
336 2939 374 3004 ut
393 2956 465 3004 non
482 2932 683 3004 innocentia
697 2931 759 3004 sed
776 2931 961 3026 tragoediis
981 2952 1063 3002 reus
1081 2928 1215 3002 libere-

146 3054 217 3118 tur.
240 3047 330 3118 Ante
345 3047 462 3120 omnia
473 3047 626 3142 judicem
638 3047 792 3136 flectere,
808 3057 971 3142 torquere
984 3055 1090 3141 atque
1108 3045 1214 3118 etiam
1312 3071 1313 3075 ¹
1350 3020 1353 3026 ¹

146 3163 392 3236 adversantem
421 3173 456 3235 et
479 3171 750 3257 repugnantem,
777 3172 814 3234 ut
834 3163 1025 3258 imperator
1049 3161 1160 3234 bonus
1180 3170 1224 3234 et'

146 3277 257 3368 fortis,
279 3300 404 3373 capere
432 3277 533 3351 debet
560 3287 678 3378 orator
699 3303 707 3349 ι
728 3279 844 3374 itaque
863 3301 982 3350 omnes
1000 3301 1060 3352 eos
1081 3287 1211 3368 metuo,

178 3529 186 3564 ¹
207 3543 219 3573 u
235 3526 353 3578 Difficilis
367 3527 434 3578 ratio
448 3527 506 3579 belli
522 3529 635 3592 gerendi,
650 3535 699 3580 etc.
711 3555 741 3565 —·
756 3527 848 3580 Confer
862 3528 1003 3580 orationem
1018 3527 1135 3594 prolege
1152 3525 1209 3575 Ma-

146 3603 218 3652 uilia.

178 3683 189 3718 ²
206 3683 388 3752 Quintilianus,
403 3687 449 3738 lib.
463 3687 522 3752 ΧΠ,
538 3703 559 3739 c.
576 3705 603 3738 x.

178 3764 190 3800 ³
206 3766 295 3816 Oratio
308 3783 354 3833 pro
368 3768 461 3821 Tullio.

176 3847 186 3882 ⁴
204 3845 269 3896 Vide
284 3863 361 3912 supra
372 3851 398 3900 iu
412 3852 572 3902 enarratione
582 3867 629 3916 pro
642 3851 759 3904 Cornelio
771 3850 894 3904 orationis
906 3849 1118 3916 quemadmodum
1133 3852 1194 3902 Pom

148 3923 195 3988 peii
211 3926 311 3976 laudem
325 3929 496 3988 Quintilianus
511 3929 629 3981 aestimet.

178 4006 190 4042 ⁵
207 4009 296 4060 Oratio
309 4025 356 4075 pro
371 4011 475 4075 Scauro,
486 4012 604 4074 passim.

178 4086 189 4122 θ
206 4089 339 4141 Orationes
351 4107 397 4156 pro
412 4092 529 4144 Cornelio
541 4097 567 4142 et
582 4105 629 4156 pro
645 4092 749 4144 Secum.

179 4169 189 4204 ⁷
204 4170 319 4236 Tacitus,
334 4173 366 4222 de
380 4175 531 4224 Oratoribus
545 4173 673 4237 dialogus.
689 4189 710 4224 c.
726 4188 821 4223 xxxix.

179 4247 189 4282 Β
205 4250 385 4312 Quintilianus,
401 4253 446 4303 lib.
461 4253 493 4313 ΙΙ,
507 4268 530 4304 c.
545 4267 613 4304 xum.
