3024 4944
299 331 344 384 tat
412 333 462 384 DE
485 331 702 386 clobnomrs
726 331 971 385 ORATIONUM
993 332 1257 386 FRAGMENTIS

298 476 383 548 quos
398 451 563 524 adhibere
583 452 660 530 vult
680 452 805 546 judici,
834 453 873 523 in
897 454 1083 547 semetipso
1101 454 1290 549 impressos
1309 464 1367 527 at-

297 591 363 662 que
389 570 526 640 inustos
547 568 669 640 Cicero
688 569 813 660 habet3
830 592 895 641 ncc
916 569 1028 642 solum
1052 569 1164 658 docet,
1187 571 1365 642 notissima

296 685 464 757 narrandi
493 685 835 780 argumentandique
862 686 996 757 ratione
1021 669 1163 776 utendo,
1184 709 1226 758 ac
1243 686 1365 758 delec-

296 810 360 890 tat,
387 800 578 872 verborum
608 823 791 872 numerum
823 808 857 872 et
890 801 1026 873 lumina
1049 801 1266 886 adhibendo;
1304 803 1365 873 sed

293 917 411 1006 etiam,
429 916 599 1011 quomodo
612 916 768 1011 postulat
785 937 902 1005 causa,
925 917 974 989 ita
983 917 1121 1009 judices
1138 917 1304 1012 impellit,
1327 929 1364 991 ut

294 1057 313 1102 u
335 1039 395 1102 aut
415 1031 565 1118 oderint,
587 1040 649 1102 aut
667 1029 830 1123 diligant,
850 1039 909 1101 aut
926 1031 1121 1121 invideant,
1142 1041 1204 1104 aut
1223 1034 1362 1105 salvum

291 1171 391 1220 reum
417 1147 542 1233 velint,
570 1155 629 1218 aut
647 1154 819 1235 metuant,
849 1155 910 1218 aut
937 1158 1093 1241 sperent,
1125 1157 1185 1220 aut
1205 1150 1360 1244 cupiant,

291 1273 352 1337 aut
374 1265 604 1354 abhorreant,
622 1273 682 1336 aut
699 1263 880 1352 laetentur,
899 1272 959 1335 aut
977 1273 1160 1356 maereant,
1176 1275 1240 1337 ant
1253 1267 1363 1338 mise-

290 1390 451 1470 reantur,
475 1405 493 1450 »
510 1389 571 1453 aut
590 1379 636 1452 ad
653 1378 741 1452 tales
756 1380 862 1452 animi
882 1381 1163 1475 perturbationes
1176 1381 1362 1454 adducan-

289 1507 360 1569 tur.
383 1499 564 1568 Praeterea
584 1495 669 1590 quid
690 1496 728 1565 in
746 1497 821 1566 vita
843 1496 932 1567 sicut
951 1497 985 1566 in
1013 1495 1172 1590 oratione
1189 1493 1362 1567 difficilli-

290 1637 385 1685 mum
400 1613 459 1703 sit,
475 1613 510 1682 id
530 1622 584 1684 est
595 1613 678 1706 quid
689 1613 821 1703 deceat,
839 1612 1011 1706 imprimis
1028 1612 1135 1684 videt.
1156 1613 1237 1684 Non
1252 1613 1358 1700 enim,

288 1737 327 1800 ut
341 1731 416 1823 ipse
436 1727 533 1819 dicit,
554 1728 599 1800 de
620 1727 807 1799 stillicidiis
826 1737 978 1816 acturus,
1005 1727 1228 1822 amplissimis
1244 1722 1365 1798 verbis

288 1855 322 1917 et
336 1844 422 1916 locis
438 1844 551 1918 utitur
575 1845 824 1939 communibus,
846 1845 889 1915 de
905 1844 1089 1937 majestate
1104 1852 1220 1916 autem
1239 1843 1357 1940 populi

287 1961 438 2055 Romani
462 1961 647 2032 summisse
672 1969 706 2032 et
733 1960 908 2033 subtiliter
931 1960 1108 2056 loquitur;
1129 1983 1255 2033 verum
1276 1961 1360 2033 dili-

286 2077 494 2168 gentissime
521 2077 722 2149 considerat
745 2100 811 2171 quo
838 2076 1027 2148 verborum
1051 2099 1182 2170 genere
1209 2101 1250 2150 ac
1278 2102 1358 2150 sen-

287 2193 477 2264 tentiarum
492 2192 607 2264 omnis
622 2191 734 2263 honos
750 2201 784 2264 et
798 2193 1000 2274 auotoritas,
1019 2201 1156 2287 tempus
1175 2201 1235 2264 aut
1254 2193 1358 2266 audi-

284 2318 340 2380 tor
360 2310 473 2380 omnis
488 2307 690 2380 tractandus
706 2307 762 2379 sit.
783 2308 955 2402 Denique,
981 2331 1026 2380 ne
1045 2309 1201 2402 maligne
1218 2332 1299 2382 eum
1321 2311 1357 2380 in

241 2445 243 2464 ·
285 2422 351 2494 hac
368 2433 470 2518 parte
496 2423 642 2494 laudare
665 2423 800 2511 videar,
830 2447 936 2518 quum
960 2424 997 2493 in
1014 2425 1157 2518 judiciis
1179 2436 1353 2514 versatur,

286 2539 537 2610 universarum
571 2562 691 2610 rerum
714 2540 861 2611 scientia
883 2539 1073 2611 instructus
1100 2539 1354 2635 subnixusque,

286 2657 401 2727 omnia
421 2655 559 2726 dicendi
587 2655 759 2750 mysteria
778 2656 904 2750 aperit,
929 2655 1127 2750 superiores
1150 2663 1184 2733 et
1204 2658 1356 2752 aequales

286 2793 366 2842 suos
385 2771 547 2843 cedentes
561 2755 750 2864 fascesque
763 2770 1007 2841 summitentes
1027 2771 1135 2861 videt,
1159 2780 1193 2844 et
1212 2772 1288 2845 sine
1303 2773 1356 2844 ri-

285 2887 357 2957 vali
370 2887 453 2981 jure
471 2909 512 2958 ac
530 2887 654 2959 merito
673 2887 710 2957 in
729 2884 807 2956 foro
826 2895 955 2979 regnat
969 2895 1004 2957 et
1018 2885 1229 2959 dominatur.

333 3003 459 3074 Restat
482 3025 590 3072 unum
610 3001 695 3072 mihi
723 3002 916 3074 notandum
941 3012 1047 3098 atque
1065 3004 1355 3077 animadverten-

285 3118 379 3188 dum.
400 3118 440 3188 In
461 3116 552 3199 libro
572 3139 648 3204 suo,
666 3119 723 3211 qui
742 3117 872 3189 Orator
890 3117 1092 3189 inscribitur
1111 3117 1136 3206 ¹,
1153 3118 1276 3191 Cicero
1291 3120 1354 3192 de-

285 3234 398 3306 clarat
420 3233 595 3306 neminem
613 3243 787 3306 oratorem
803 3243 875 3306 tam
895 3233 1007 3304 multa
1026 3256 1071 3304 ne
1085 3235 1122 3303 in
1138 3235 1264 3306 Graeco
1279 3237 1353 3331 qui·

286 3349 365 3420 dem
376 3349 444 3420 otio
459 3348 652 3442 scripsisse,
666 3371 770 3444 quam
780 3349 890 3419 multa
906 3356 985 3420 sunt
998 3347 1108 3442 ipsius
1126 3373 1132 3417 :
1150 3348 1227 3419 haec
1237 3360 1352 3422 autem

286 3467 315 3537 si
342 3489 421 3538 eum
449 3465 567 3537 verbis
594 3487 665 3536 non
696 3463 951 3557 arrogantibus
973 3463 1129 3559 profiteri
1154 3467 1350 3556 credamus,

286 3605 391 3676 quum
412 3582 623 3670 orationum,
647 3604 733 3676 quas
747 3581 805 3652 vel
827 3581 987 3673 integras
1007 3579 1064 3651 vel
1082 3603 1125 3652 ex
1143 3577 1353 3673 fragmentis

287 3699 405 3768 velex
426 3697 525 3768 titulo
544 3705 644 3768 notas
661 3694 844 3780 habemus,
871 3718 1059 3768 numerum
1078 3697 1220 3790 exsequi
1238 3697 1352 3790 possi-

286 3837 375 3905 mne,
398 3836 572 3908 quumque
591 3813 634 3883 de
661 3813 754 3884 omni
771 3836 892 3884 rerum
920 3815 1129 3906 optimarum
1155 3813 1355 3905 cognitione

286 3929 444 4002 eumdem
474 3929 655 4023 scripsisse
686 3937 721 4000 et
751 3927 959 4001 disseruisse
978 3928 1173 4018 videamus,
1199 3937 1350 4002 attamen

317 4188 327 4224 ¹
345 4185 373 4237 C.
390 4201 455 4238 xxx.
