3070 4950
339 398 370 448 30
460 398 508 446 DE
529 396 740 447 CICERONIS
761 395 1006 449 onnutouuu
1028 394 1290 448 naucutuuuts

337 515 612 588 administranda
628 539 697 585 non
711 516 824 586 solum
843 540 956 611 neque
967 516 1168 588 innocentia
1185 539 1297 611 neque
1315 523 1403 586 tem-

254 628 258 636 ’
338 631 497 724 perantia
512 633 625 726 neque
640 630 849 704 abstinentia
864 631 1018 725 inclytus
1038 629 1155 706 fuerat
1168 657 1208 705 ao
1224 656 1405 704 commen-

338 746 486 838 dandus,
509 747 582 834 sed,
598 757 741 842 propter
758 747 944 820 avaritiam
958 756 1017 818 aut
1036 747 1205 844 inopiam,
1226 748 1276 820 ita
1291 748 1404 820 Arca-

336 863 399 934 das
428 871 575 935 vexarat
597 863 848 958 expilaratque,
867 875 905 936 ut
926 886 1017 952 eum,
1036 866 1248 957 magistratu
1272 863 1402 950 habito,

269 1007 270 1012 ¹
336 981 459 1052 Romae
480 981 522 1053 de
545 980 747 1074 repetundis
765 980 801 1050 in
815 979 987 1073 judicium
1014 1004 1139 1053 vocare
1161 1004 1232 1052 non
1262 978 1403 1051 dubita-

336 1096 419 1166 rint.
443 1096 594 1168 Tantam
603 1105 720 1168 autem
734 1097 917 1168 audaciam
932 1120 996 1168 neo
1016 1096 1082 1167 soli
1101 1121 1166 1168 nec
1182 1097 1404 1189 deserti'prae

335 1236 372 1284 se
388 1211 545 1285 ferebant
559 1240 567 1299 ;
583 1214 656 1300 sed,
680 1213 748 1283 uiri
764 1202 947 1306 cujusdam
962 1212 1167 1305 gravissimi
1185 1213 1400 1300 auctoritato,

334 1326 393 1421 qui
421 1326 679 1398 firmamentum
706 1339 739 1399 et
771 1327 879 1399 robur
912 1328 1018 1400 totius
1050 1328 1281 1400 accusationis
1310 1337 1398 1400 erat.

334 1443 486 1534 subnixi,
502 1453 573 1515 toto
592 1441 681 1532 som,
698 1469 769 1516 non
791 1444 1002 1538 supplicibus
1022 1443 1165 1533 similes,
1180 1442 1399 1516 incedebant.

333 1559 419 1642 Quis
443 1550 559 1630 autern
586 1559 762 1631 Arcadum
789 1584 865 1634 sese
884 1571 1072 1655 patronum
1092 1584 1133 1632 ac
1152 1568 1400 1654 propugnato-

332 1699 406 1746 rem
417 1675 642 1769 profiteretur
652 1700 723 1746 non
737 1675 804 1749 hoe
814 1701 856 1748 ex
871 1677 946 1748 loco
965 1653 1174 1770 dignoscere
1190 1697 1374 1770 possumus
1390 1698 1397 1744 :

334 1816 351 1858 u
368 1775 656 1883 Descripsisti·ne
679 1792 754 1884 ejus
778 1792 1028 1883 necessarium,
1055 1800 1214 1862 nostrum
1230 1787 1400 1883 competi-

332 1915 455 1995 torem,
474 1907 578 1976 istum
606 1907 730 2000 ipsum,
761 1910 860 2004 cujus
884 1933 977 1980 nunc
997 1907 1109 1979 studio
1133 1915 1167 1976 ot
1193 1895 1309 1997 gratia
1328 1913 1400 1975 tota

270 2027 271 2036 ’
332 2024 506 2095 accusatio
517 2024 584 2095 ista
599 2023 732 2094 munita
747 2032 801 2095 est
812 2049 821 2115 ;
843 2052 861 2092 u
879 2032 925 2114 et,
945 2023 1105 2119 quamvis
1115 2021 1204 2093 illud
1222 2046 1229 2091 ε
1248 2046 1272 2092 u
1290 2020 1397 2104 Quasi

331 2162 414 2210 vero
444 2163 509 2232 ego
530 2138 573 2210 de
594 2137 683 2210 facie
711 2148 784 2229 tua,
807 2139 990 2228 Catamite,
1011 2139 1175 2227 dixerim,
1206 2145 1271 2208 etc.
1293 2163 1311 2206 u
1342 2136 1398 2207 vel

330 2254 368 2325 C.
387 2254 531 2326 Antonii
543 2255 601 2325 vel
615 2255 656 2326 L.
680 2254 799 2347 Sergii
814 2254 967 2346 catilinae
986 2255 1166 2349 proprium
1190 2275 1265 2324 esse
1285 2251 1396 2322 uidea-

292 2393 296 2402 ·
330 2380 401 2456 tur,
416 2394 521 2465 quum
534 2370 571 2440 i'n
591 2367 798 2463 fragmentis
813 2369 863 2441 ita
879 2370 1114 2441 tantummodo
1134 2368 1400 2464 competitorem

330 2509 432 2557 suum
451 2481 502 2558 M.
530 2485 671 2558 Tullius
694 2486 939 2581 appellaverit,
964 2486 1149 2557 molestum
1168 2483 1339 2578 imprimis
1362 2491 1398 2555 et

330 2603 475 2676 stultum
506 2612 599 2674 esset
625 2602 724 2673 nobis
760 2601 803 2672 de
830 2602 897 2673 ista
921 2601 1088 2674 orationis
1115 2611 1215 2695 parte
1238 2600 1398 2694 quaedam

328 2717 519 2792 affirmare.
541 2720 590 2807 Si,
609 2743 650 2791 ea
669 2726 783 2789 mente
806 2727 843 2789 ut
865 2717 1041 2811 judicibus
1061 2719 1111 2805 M.
1134 2717 1314 2790 Fundanii
1338 2716 1396 2786 in-

329 2837 490 2908 nocentia
510 2845 645 2931 pateret
674 2858 713 2906 ac
742 2833 894 2905 dilucida
921 2835 1033 2921 fieret,
1054 2829 1148 2922 illos,
1175 2835 1233 2928 qui
1250 2832 1331 2904 huio
1346 2832 1397 2904 rei

329 2950 524 3041 obstabant,
552 2952 681 3047 injuria
705 2959 739 3022 et
769 2948 980 3021 contumelia
1001 2946 1141 3020 afficere
1171 2948 1293 3020 Cicero
1326 2971 1396 3018 non

330 3067 495 3155 timuerit,
515 3065 798 3162 'haudquaquam
818 3066 945 3136 mirum
974 3074 1026 3136 est
1047 3088 1126 3136 eum
1147 3088 1224 3134 cum
1250 3062 1397 3158 quadarn

331 3179 522 3254 festivitate
540 3205 611 3253 non
630 3182 744 3253 solum
769 3184 886 3275 gentis
911 3181 1088 3252 universae
1111 3179 1271 3251 elevasse
1296 3177 1399 3250 testi-
1424 3180 1430 3192 '

331 3295 459 3385 monia,
475 3296 537 3368 sed
555 3296 661 3367 etiam
682 3297 851 3369 adversus
867 3297 1040 3389 singulos,
1063 3319 1129 3391 quo
1146 3293 1283 3366 facilius
1303 3293 1396 3364 hila-

331 3411 471 3484 ritatem
491 3413 671 3502 excitaret,
689 3414 869 3484 direxisse.
889 3412 1035 3507 Semper
1048 3413 1084 3482 in
1100 3410 1303 3483 lacessendo
1317 3431 1399 3482 ora-

331 3527 417 3598 toris
444 3550 589 3599 acumen
614 3529 743 3623 judicis
767 3528 997 3600 severitatem·
1018 3528 1155 3621 mitigat
1176 3527 1395 3620 relaxatquo,

331 3643 537 3738 odiosasque
560 3667 617 3716 res
637 3669 743 3740 saepe,
757 3668 843 3740 quas
856 3643 1079 3737 argumentis
1094 3642 1230 3716 diluere
1250 3641 1400 3712 arduum

330 3767 384 3830 est
399 3756 424 3848 ¹,
443 3759 523 3852 joco
539 3758 680 3854 risuque
699 3757 871 3832 dissolvit.
888 3758 1064 3842 Quomodo
1083 3767 1202 3830 autem
1217 3756 1274 3829 vel
1292 3755 1398 3826 Grae-

331 3898 451 3947 corum
469 3876 505 3946 in
525 3875 729 3947 testimoniis
747 3875 904 3947 dicendis
920 3876 1112 3947 vanitatem
1130 3873 1265 3966 agitare
1276 3869 1398 3940 Cicero

331 4000 498 4084 gravatus
521 4002 625 4082 essct,
648 4015 752 4087 quum
771 3990 841 4080 isti,
868 3999 985 4085 utpote
1006 3989 1065 4084 qui
1088 3997 1204 4061 essent
1223 3986 1390 4073 Arcades,

361 4269 370 4305 ¹
388 4268 425 4320 De
439 4253 554 4328 ttrutord,
570 4267 614 4320 lib.
630 4265 663 4332 ll,
679 4284 701 4320 c.
714 4277 786 4320 utut.
