3044 4938
376 423 526 486 enarro
547 435 594 486 nn
616 433 857 487 consonano
878 434 952 485 suo
1164 435 1195 485 75

127 557 197 628 diis
217 558 436 630 eruditorum
459 557 562 627 finem
582 556 811 640 constituere;
833 555 894 628 sed
913 555 1023 627 Orelli
1042 553 1197 629 affirmat

129 697 173 744 ex
191 675 438 746 commentario
457 675 498 745 do
518 673 703 759 consulatu
719 672 908 762 Ciceronis,
926 695 1044 765 graece
1058 671 1196 767 quidem

130 790 274 883 scripto,
293 813 437 885 prorsus
455 799 572 861 autem
599 811 619 860 a
643 787 809 860 Sallustio
834 786 994 882 neglecto
1014 788 1050 858 in
1070 789 1197 860 Catili-

130 906 231 978 naria
251 905 491 999 conjuratione
509 906 702 992 narranda,
724 926 766 975 ea
789 903 932 998 petiisse
949 903 1194 994 Plutarchum,

130 1022 258 1117 quibus
284 1021 493 1094 confidentes
523 1021 687 1093 nonnulli
713 1031 838 1116 putant
862 997 965 1092 istam
989 1022 1195 1111 orationem,

129 1148 209 1233 post
222 1139 389 1233 injuriam
409 1161 430 1210 a
449 1139 490 1222 Q.
511 1137 656 1210 Metello
679 1137 828 1224 illatam,
855 1161 918 1233 per
937 1138 1101 1232 populum
1122 1146 1198 1210 sta-

130 1254 193 1326 tim
208 1254 258 1325 M.
278 1253 435 1325 Tullium
454 1254 633 1344 emisisse3
655 1255 751 1343 dum,
769 1253 861 1346 quod
878 1250 989 1323 multo
1003 1253 1119 1346 majus
1130 1262 1196 1340 est,
1255 1317 1256 1320 ,
1301 1252 1304 1263 “

130 1376 168 1439 ut
189 1369 325 1460 opinor,
347 1369 383 1439 in
401 1366 550 1440 senatu¹
569 1367 612 1439 de
627 1367 812 1439 consulatu
835 1391 897 1439 suo
916 1391 953 1439 se
975 1391 1197 1440 numerosam

131 1483 339 1567 orationem,
361 1483 442 1578 quia
457 1481 673 1554 laudandum
692 1493 767 1553 erat
787 1481 918 1577 aliquid
942 1485 1110 1570 ornatius,
1130 1483 1198 1554 ha-

131 1597 249 1672 buisse
269 1607 387 1669 noster
411 1595 605 1669 confitetur.
633 1598 861 1692 Nequaquam
885 1597 1024 1669 difficile
1049 1598 1198 1692 estquis

130 1713 236 1787 luerit
248 1715 343 1787 color
356 1714 458 1786 istius
472 1714 641 1785 orationis
653 1713 838 1807 suspicari,
856 1715 943 1786 adeo
952 1714 1107 1804 illorum,
1121 1739 1199 1809 quae

131 1839 256 1924 egerat
272 1832 309 1900 in
328 1829 523 1918 consulatu,
547 1827 715 1923 frequens
734 1826 1116 1920 fuitmmmemorat103
1138 1829 1200 1900 sed

131 1944 267 2034 eadem,
299 1968 377 2039 quae
401 1944 576 2016 mentibus
595 1945 724 2016 nostris
748 1945 877 2038 saepius
904 1946 979 2040 ipse
1004 1941 1196 2035 mandavit,

105 2046 109 2054 ⁴
133 2059 319 2130 molestum
337 2068 429 2131 esset
446 2081 652 2152 congerere,
675 2069 721 2148 et,
744 2061 902 2154 quamvis
922 2061 1033 2132 omnis
1048 2061 1101 2132 sui
1115 2061 1199 2155 J‘ac-

133 2175 217 2246 tatio
244 2175 369 2247 vitiosa
388 2176 444 2267 sit,
472 2199 675 2271 persuasum
695 2175 867 2246 habemus
889 2175 1106 2248 audientium
1134 2178 1201 2250 de-

131 2291 318 2363 lenitorem
339 2291 438 2365 illum
460 2317 529 2366 uon
544 2295 588 2364 iis
604 2292 784 2364 fastidium
802 2293 862 2363 a'ut
881 2292 998 2364 odium
1023 2293 1196 2382 attulisse,

132 2407 175 2478 de
191 2427 358 2503 oppressa
377 2409 619 2502 conjuratione
638 2406 801 2478 Catilinae
816 2406 979 2499 dicend03
1001 2418 1123 2482 contra
1137 2434 1200 2482 au·

133 2534 204 2596 tem
215 2525 383 2619 populum
391 2534 617 2620 senatumque
626 2522 795 2595 laudandi
809 2525 1050 2598 necessitatem
1065 2517 1201 2622 semper

133 2648 345 2728 excusasse,
360 2663 479 2735 quum,
504 2663 574 2710 non
591 2639 716 2732 gloriae
732 2639 845 2732 magis
864 2664 967 2735 quam
987 2639 1200 2714 defensionis

133 2777 255 2843 causa,
276 2764 337 2828 aut
355 2755 430 2850 ipse
448 2779 507 2828 eos
527 2751 721 2844 tueretur2,
745 2755 872 2850 quibus
897 2764 972 2828 erat
992 2780 1076 2829 usus
1095 2755 1200 2849 adju„

134 2867 284 2957 toribus,
306 2879 365 2939 aut
387 2869 544 2956 invidiae,
571 2869 625 2940 cui
643 2878 761 2941 tamen
780 2894 852 2942 nou
871 2868 938 2942 fuit
954 2894 1031 2964 par,
1048 2893 1199 2964 respon-

134 2981 220 3054 dere
233 2994 432 3076 cogeretur.
560 2993 563 2998 '

165 3213 175 3248 ¹
192 3215 295 3271 Orator,
311 3227 333 3261 c.
346 3179 411 3262 ωιιι.Ἰ

164 3290 175 3328 ²
191 3291 260 3342 Vide
273 3290 465 3350 Quintilianum,
479 3290 524 3342 lib.
539 3291 585 3348 Xl,
601 3307 624 3340 e.
640 3307 657 3340 1.
