3044 4938
327 361 373 414 toa
446 364 493 414 uu
513 364 728 418 ciccuours
748 333 992 420 caturcorum
1013 366 1280 420 auacuuurrs

328 483 477 558 truenda
498 508 566 556 uon
584 507 666 559 acre
680 486 852 578 judicium
871 486 1010 560 Triario
1028 484 1195 575 defuisse,
1214 511 1333 581 quum,
1359 497 1394 560 ut

326 620 370 670 ex
384 596 593 692 fragmentis
608 599 821 676 defensionis
836 612 993 698 apparet,
1008 605 1158 675 crimina
1173 625 1321 699 quaeque
1336 629 1395 676 suo

327 725 501 788 momento
522 717 715 811 ponderata
738 718 800 790 ille
828 719 1070 814 disposuisset,
1092 743 1280 814 quumque,
1304 721 1394 814 quod

326 829 447 906 Cicero
461 835 536 928 ipse
550 833 695 923 latetur,
711 836 833 931 quain
848 861 887 908 re
901 836 1014 908 oratio
1032 835 1246 908 claudicaret
1262 836 1394 908 intelli-

325 970 426 1041 geus,
447 952 677 1024 accusationis
697 960 768 1024 tam
792 950 1002 1026 festinanter
1021 977 1043 1025 a
1062 977 1099 1025 se
1124 961 1295 1046 susceptae
1311 975 1395 1024 oau-

326 1087 401 1138 sam
416 1069 679 1140 accuratissime
698 1069 917 1142 reddidisset.
940 1053 1165 1158 Ceterum,si
1186 1093 1255 1140 non
1271 1065 1395 1140 fuisset

326 1190 506 1256 accusator
526 1177 727 1268 uendibilis‚
754 1185 839 1279 quid
863 1196 915 1259 est
939 1209 1000 1258 cur
1019 1209 1120 1256 reum
1139 1193 1238 1257 tanta
1257 1183 1393 1256 dicendi

324 1292 492 1370 facultate
524 1321 565 1369 ac
600 1299 697 1393 copia
733 1299 855 1372 Cicero
888 1301 1123 1376 existimasset
1155 1323 1232 1370 esse
1268 1297 1393 1370 defen-

326 1411 504 1486 dendum?
1054 1477 1058 1480 -

373 1531 577 1604 Marcianus
594 1530 738 1625 Capella
756 1537 792 1602 in
811 1553 874 1603 suo
891 1553 996 1624 opere
1016 1531 1240 1626 multiplicem
1256 1556 1301 1604 ex
1314 1533 1392 1626 plu—

325 1645 421 1720 ribus
439 1645 707 1741 quaestionibus¹
727 1633 849 1720 Scauri
863 1669 1005 1718 causam
1023 1640 1215 1720 consistere
1229 1671 1293 1718 nos
1306 1646 1392 1719 edo-

325 1762 407 1850 cuit,
429 1784 536 1856 quum
555 1762 598 1835 de
612 1763 771 1835 Bostaris
793 1785 889 1851 nece,
908 1762 952 1833 de
971 1762 1088 1834 Arinis
1103 1787 1213 1836 uxore
1232 1785 1273 1836 ac
1287 1762 1391 1836 Deci-

326 1878 391 1948 mis
419 1877 530 1950 tribus
554 1874 835 1970 exquireretur2.
866 1878 1038 1971 Imprimis
1066 1879 1175 1972 igitur
1200 1903 1370 1974 ponamus
1379 1931 1388 1966 ‚

323 1991 427 2087 hujus
446 1994 644 2066 testimonio
663 1991 757 2083 freti,
774 2019 818 2066 ex
836 1996 950 2090 prima
963 2003 1063 2087 parte
1074 1993 1240 2088 pauciora
1253 2002 1390 2065 exstare

325 2133 430 2205 quam
450 2118 488 2181 ut
508 2109 551 2181 de
568 2109 630 2181 illa
649 2109 791 2182 firmum
814 2133 854 2182 ao
873 2135 997 2182 verum
1012 2112 1182 2206 judicium
1196 2109 1292 2183 ferre
1309 2134 1392 2205 pos-

325 2228 452 2311 simus3
473 2226 675 2315 secundam,
694 2235 732 2298 ut
751 2227 853 2297 nobis
870 2227 1022 2314 videtur,
1040 2251 1139 2320 paene
1157 2229 1333 2319 integram
1348 2225 1392 2298 ab

323 2341 498 2414 oblivione
522 2364 598 2414 esse
617 2341 850 2428 vindicatam,
875 2343 913 2414 in
936 2343 1040 2414 tertia
1062 2325 1193 2429 autem,
1226 2365 1304 2436 quae
1322 2363 1394 2412 una

324 2458 476 2530 maxima
494 2468 581 2546 erat,
603 2467 714 2531 totum
732 2459 865 2530 crimen
889 2456 1161 2532 frumentarium
1184 2458 1390 2531 desiderari.

324 2572 379 2645 Ne
397 2583 513 2646 tamen
531 2574 608 2646 ideo
629 2578 813 2648 credamus
827 2576 918 2648 hanc
937 2575 1091 2670 Capellae
1106 2577 1313 2647 divisionem
1336 2584 1394 2645 to-

324 2698 396 2762 tam
420 2689 598 2763 Ciceronis
623 2693 815 2764 orationem
840 2692 1043 2786 complecti3
1065 2715 1161 2780 nam,
1183 2701 1221 2763 ut
1236 2693 1313 2785 jam
1335 2691 1395 2761 vi·

245 2819 264 2870 .“
323 2805 408 2879 dere
433 2816 506 2895 est,
529 2831 590 2878 seu
618 2829 722 2896 casu,
750 2831 812 2879 seu
836 2808 879 2878 de
897 2807 1092 2894 industria,
1126 2809 1157 2878 is
1181 2831 1250 2878 uon
1278 2806 1393 2878 solum

323 2923 530 3016 proaemium
558 2931 592 2994 et
616 2923 873 3016 perorationem
899 2923 1074 2994 Ciceronis
1095 2922 1282 2994 sedetiam
1305 2921 1393 2991 illud

323 3037 592 3130 magnificentiae
607 3063 646 3110 ac
662 3048 821 3135 sumptus
838 3040 971 3110 crimen
986 3040 1127 3111 cumino
1146 3039 1274 3112 omisit.

371 3155 412 3224 ln
432 3155 610 3247 proaemio,
633 3156 725 3250 quod
741 3155 883 3248 proprie
902 3178 981 3225 cum
998 3155 1049 3226 rei
1061 3178 1212 3249 persona
1228 3156 1394 3248 congruit

323 3279 358 3342 et
378 3268 541 3357 cohaeret,
571 3271 646 3347 sine
670 3271 889 3362 arrogantia,
920 3272 995 3342 sine
1014 3279 1132 3342 autern
1159 3270 1274 3341 exitus
1293 3267 1393 3340 disfi-

322 3385 440 3459 dcntia
460 3408 501 3456 ac
523 3385 718 3473 timiditate,
741 3385 791 3456 M.
815 3384 937 3456 Scauri
958 3383 1191 3458 conditionem
1211 3384 1390 3458 honestis-

323 3502 409 3572 sime
433 3501 554 3574 Cicero
578 3501 738 3590 dolebat,
767 3510 871 3596 atquc
895 3499 1094 3576 affirmabat
1122 3524 1247 3574 senon
1272 3511 1393 3572 tamen

322 3617 427 3713 hujus
447 3618 498 3689 rei
516 3617 697 3713 paenitere,
720 3641 827 3711 quum
850 3617 946 3687 illius
960 3597 1073 3710 pater,
1092 3616 1294 3710 reipublicae
1306 3640 1393 3690 cus-

323 3745 397 3822 tos,
430 3757 448 3804 «
475 3755 716 3827 saepenumero
738 3733 782 3804 ab
800 3733 950 3803 inimicis
971 3733 1015 3802 ad
1034 3754 1150 3803 causae
1168 3731 1353 3804 dictionem
1372 3759 1390 3804 u
1465 3777 1469 3786 -

353 3993 361 4026 1
375 3991 431 4041 Lib.
448 3991 471 4041 V
486 3991 517 4040 de
533 3993 633 4042 Genera
649 3993 858 4046 demonstrativa.

351 4069 363 4104 2
378 4076 492 4135 Apparet
506 4073 641 4123 coaluisse
656 4057 771 4124 aratores
785 4077 827 4139 qui
843 4091 953 4126 summas
967 4075 1121 4139 injurias'in
1146 4073 1265 4124 Sardinia
1284 4087 1392 4135 accepe-

321 4151 471 4211 1·ant,velut
489 4154 515 4202 in
535 4153 631 4214 Sicilia,
650 4153 730 4204 Verre
747 4155 950 4218 administrante,
965 4156 1083 4226 Nympho
1098 4153 1285 4222 centmtpinus.
1303 4151 1391 4206 Euhe-

322 4229 394 4291 tides,
410 4231 594 4285 Potauarchus
609 4233 800 4302 compluresque
815 4234 867 4290 alii.
