3044 4938
263 430 413 480 ORATIO
434 429 473 477 IN
496 427 525 478 P.
548 427 728 502 CLODIUM
750 426 800 475 nd
822 427 850 478 C.
872 423 1085 475 CURIONEM
1179 425 1210 471 ’tt

142 553 246 640 biret,
270 537 375 646 quum
395 574 451 622 res
479 538 610 642 insigni
636 546 779 619 infamia
803 546 966 648 oscitavit
983 544 1208 629 incendium,

143 691 209 762 quo
229 665 332 760 paulo
351 674 428 759 post
444 673 537 736 totus
552 663 795 756 conflagravit.
813 663 892 733 Uno
911 684 1003 732 anno
1023 669 1100 753 post
1114 660 1211 732 Cice·

144 785 237 857 ronis
261 782 490 870 consulatum,
512 783 553 853 Ρ.
575 779 730 869 Clodius,
754 779 857 873 Appii
880 777 984 866 filius,
1011 800 1090 852 cum
1114 783 1211 846 veste

145 897 305 970 muliebri
328 896 564 990 deprehensus
589 904 642 966 est
659 894 753 966 domi
772 893 811 964 G.
834 893 998 981 cesaris,
1021 915 1126 986 quum
1148 914 1211 985 pro

144 1013 269 1108 populo
289 1012 381 1106 apud
404 1013 582 1083 Caesarem
604 1010 724 1096 fieret,
747 1020 782 1082 et
804 1033 867 1103 per
886 1031 1012 1080 manus
1033 1005 1209 1094 servulae,

146 1127 239 1222 quod
265 1128 437 1200 sexcentis
456 1127 493 1196 in
512 1125 597 1198 locis
620 1128 667 1196 ll.
695 1125 835 1196 Tullius
856 1118 1027 1213 narravit,
1051 1130 1212 1194 servatus

145 1253 200 1316 est
218 1253 323 1336 atque
342 1242 499 1314 eductus.
522 1241 580 1326 At,
603 1241 812 1312 sacrificium
831 1240 993 1311 omnibus
1007 1238 1096 1309 viris
1113 1238 1215 1308 inac—

147 1381 284 1430 cessum
308 1379 414 1451 quum
437 1357 607 1448 Virgines
626 1358 905 1456 instaurassent,
928 1377 1056 1448 magna
1081 1353 1215 1425 invidia

146 1482 281 1562 exorta,
300 1473 431 1544 mentio
449 1470 575 1565 hujus1
595 1473 647 1542 rei
667 1472 743 1554 aQ.
762 1471 950 1544 Cornificio
966 1473 1004 1542 in
1024 1479 1149 1542 senatu
1162 1479 1214 1542 est

147 1587 259 1677 facta3
280 1597 316 1660 et
338 1587 432 1659 inter
456 1598 636 1662 senatores
662 1588 705 1660 de
733 1587 1037 1660 senatusconsulto
1054 1583 1214 1657 faciendo

147 1727 278 1798 magna
291 1705 531 1779 controversia
545 1714 623 1777 acta
636 1700 709 1775 est²
723 1731 732 1790 3
744 1701 879 1776 frustra
893 1703 999 1775 Curio
1015 1727 1078 1798 pro
1094 1701 1215 1772 Clodio

148 1820 263 1904 stetit3
285 1828 466 1892 senatores
483 1842 584 1911 paene
607 1819 761 1888 omniurn
781 1841 954 1890 consensu
971 1842 1046 1890 rem
1064 1818 1109 1889 ad
1124 1841 1216 1912 pon-

147 1937 257 2009 tilices
269 1936 483 2022 retulerunt3
501 1935 538 2006 id
552 1935 596 2008 ab
615 1934 661 2006 iis
680 1933 782 2006 nefas
796 1944 848 2008 est
863 1935 1052 2024 decretum,
1067 1933 1216 2028 denique

148 2071 192 2124 ex
215 2052 513 2123 senatusconsulto
541 2051 706 2122 consules.
720 2053 941 2144 rogationem
964 2049 1217 2146 promulgave-

148 2178 251 2254 runt,
291 2167 395 2255 dum,
436 2167 526 2261 quod
553 2169 692 2262 quidem
718 2191 779 2261 pro
810 2166 1015 2262 praejudicio
1050 2163 1213 2254 valebat,
1282 2152 1284 2157 ¹

148 2283 251 2354 uxori
270 2284 432 2356 nuntium
446 2283 566 2354 Caesar
585 2282 798 2354 remittebat.
814 2283 912 2376 Ergo
927 2306 1009 2354 reus
1027 2261 1069 2351 de
1083 2282 1216 2352 incesto

148 2399 190 2468 Ρ.
220 2397 361 2469 Clodius
378 2383 492 2468 fac'tus
513 2397 601 2485 est³,
628 2406 812 2470 accusante
835 2400 874 2470 L.
897 2397 1063 2484 Lentulo,
1089 2394 1237 2468 defen·

147 2511 254 2609 dente
274 2512 313 2584 C.
334 2513 484 2584 Curione
502 2523 621 2606 patre5
642 2535 695 2600 ac,
721 2541 739 2583 u
762 2514 980 2608 multumque
1000 2514 1129 2607 diuque
1150 2512 1218 2583 ha*

149 2623 233 2696 bitis
257 2626 574 2698 concertationibus
596 2637 678 2699 ante
697 2628 885 2719 judicium,
905 2653 923 2696 u
945 2629 1082 2722 judices
1101 2636 1217 2698 tamen

149 2740 196 2811 ad
213 2748 411 2812 extremum
428 2741 501 2814 dati
521 2751 616 2834 sunt,
640 2743 710 2837 qui,
732 2743 841 2814 verbo
861 2752 898 2814 ut
918 2743 1064 2815 liberius
1089 2743 1133 2814 de
1152 2768 1219 2838 po-

151 2857 344 2928 tentissimo
367 2857 508 2928 homine
533 2868 744 2949 statuerent,
767 2883 891 2931 revera
910 2884 955 2931 ne
979 2859 1130 2931 nummi¹¹
1155 2859 1219 2931 sibi

150 2971 387 3064 eriperentur,
402 2995 426 3044 a
441 2982 565 3044 senatu
579 2975 786 3067 praesidium
800 2959 1035 3070 postularunt.
1048 2979 1100 3049 De
1119 3001 1219 3048 accu-

150 3086 285 3156 satione
303 3086 344 3156 L.
367 3088 507 3162 Lentuli
530 3112 571 3160 ac
589 3089 633 3162 de
661 3089 700 3161 G.
724 3091 886 3164 Curionis
905 3091 1110 3165 defensione
1131 3093 1218 3163 nihil

151 3206 283 3290 exstat3
306 3219 441 3289 uerum,
461 3202 545 3274 dum
561 3207 608 3276 H.
630 3208 798 3301 Meyerus
817 3231 862 3278 ne
881 3209 1060 3280 minimam
1080 3208 1218 3303 quidem

151 3317 366 3388 accusatoris
380 3316 418 3388 in
438 3317 530 3390 libro
550 3344 612 3392 suo
632 3325 846 3395 mentionem
869 3322 966 3412 fecit,
993 3347 1014 3395 a
1032 3321 1220 3396 Cicerone5

150 3430 333 3502 didicimus
351 3448 421 3504 non
439 3443 624 3527 patronum
643 3461 753 3510 unum
773 3462 792 3510 e
810 3440 942 3526 multis,
963 3441 1024 3511 sed
1049 3437 1220 3533 eloquen-

149 3547 322 3618 tissimum
337 3546 446 3622 fuisse
463 3549 527 3620 Gn.
545 3550 766 3626 Scribonium
776 3553 964 3627 (lurionem
980 3580 987 3624 :
1005 3554 1131 3650 quippe
1146 3555 1216 3649 qui,

149 3671 255 3742 aetate
264 3663 375 3736 Cottae
389 3674 424 3736 et
439 3664 596 3759 Sulpicii,
610 3689 820 3763 quanquam,
837 3669 959 3742 tardus
969 3670 1005 3738 in
1016 3669 1203 3762 cogitando
1208 3719 1217 3757 ,

182 3888 192 3920 ¹
208 3885 257 3950 Ep.
271 3886 305 3934 ad
318 3886 443 3942 Atticum,
458 3886 503 3936 lib.
520 3888 541 3950 1,
557 3904 597 3952 ep.
612 3904 670 3942 x1u.
802 3935 803 3940 ,

182 3963 257 4029 tnp.
271 3965 304 4014 ad
318 3964 441 4026 Atticum,
457 3965 502 4015 lib.
518 3965 539 4026 1,
554 3981 594 4031 ep.
609 3985 661 4018 xrv.
762 3967 775 3974 '‘
973 4020 976 4027 ,

181 4047 192 4082 ³
208 4047 351 4097 Scholiasta
369 4048 512 4103 Bnbiensis,
527 4054 706 4110 argumentum
725 4050 848 4101 orationis
863 4052 888 4102 iu
904 4047 937 4096 P.
951 4051 1068 4102 Clodium
1083 4053 1108 4100 et
1127 4049 1156 4101 C.
1171 4051 1223 4102 Cu-

151 4128 259 4184 rionem,
274 4127 381 4192 passim.

182 4209 193 4242 ⁴
210 4210 258 4271 Ep.
275 4208 398 4268 Atticum,
414 4207 459 4256 lib.
476 4208 497 4269 1,
510 4224 551 4274 ep.
567 4224 625 4258 xvr.

181 4285 193 4321 ὅ
209 4285 312 4348 Brutus,
329 4303 350 4340 c.
368 4301 442 4347 xcix,
459 4304 526 4352 seq..
