3070 4950
418 375 568 424 ORATIO
590 376 666 425 PRO
689 377 720 426 C.
744 377 980 430 concutior
1208 388 1237 436 ll

170 511 249 558 eum
268 510 337 559 non
349 487 577 582 quaestionem
591 511 612 558 a
626 488 776 581 propriis
787 490 1001 583 temporibus
1020 491 1064 562 ad
1080 493 1239 565 universi

169 604 311 696 generis
331 603 523 676 orationem
538 603 743 692 traduxisse,
763 614 897 676 tanturn
913 615 1029 678 autern
1045 618 1238 682 ostentasse

169 745 272 815 quarn
291 721 409 808 utiles,
427 743 531 815 quam
552 718 711 792 salubres
727 719 860 793 civitati
882 722 980 810 leges
997 721 1071 790 illae
1089 721 1238 792 exstite-

169 836 251 924 rint,
269 838 368 907 modo
389 837 626 908 enumerando
649 859 728 930 quae
742 837 824 908 inde
842 839 984 909 evenire
1000 839 1195 931 potuissent
1211 836 1234 924 ¹,

168 954 267 1023 modo
280 961 366 1024 ante
381 952 500 1024 oculos
514 952 665 1023 duorum
683 953 867 1024 consulum
884 953 1151 1045 designatorum
1172 977 1236 1026 ca-

167 1069 359 1138 lamitatem
374 1069 610 1162 proponendo.
635 1071 814 1139 Praeterea
834 1068 947 1139 hocin
962 1069 1039 1160 loco
1053 1093 1131 1140 oum
1148 1074 1235 1144 mira

167 1184 389 1254 accuratione
400 1183 434 1252 in
452 1183 585 1255 actione
594 1184 804 1272 adversarii,
824 1184 916 1278 quod
928 1185 1070 1256 artificis
1081 1196 1145 1276 est,
1159 1212 1236 1282 quac

166 1300 259 1372 inter
278 1299 463 1392 semetipsa
482 1300 708 1392 pugnabant,
732 1301 877 1372 eruebat
896 1303 1001 1394 inque
1018 1301 1129 1373 luoorn
1150 1303 1233 1374 ede·

166 1417 237 1488 bat.
258 1416 409 1504 Etenim,
434 1418 515 1510 quia
542 1415 732 1508 objiciebat
760 1415 924 1486 Cornelio
944 1414 1122 1489 Cominius
1142 1420 1233 1512 quod

163 1535 223 1605 ille
241 1533 389 1605 extremi
407 1557 447 1606 ac
470 1529 671 1604 difficillimi
691 1532 858 1626 temporis
883 1555 1002 1604 vocem
1030 1533 1126 1604 illam
1145 1558 1231 1604 oon-

162 1648 275 1722 sulem
289 1648 427 1720 mittere
445 1645 643 1742 coegerat2,
661 1672 766 1742 quum
775 1648 856 1722 Piso
877 1649 1028 1742 «legem
1047 1651 1089 1722 de
1102 1650 1232 1722 ambitu

162 1791 206 1838 ex
225 1767 262 1838 S.
278 1767 316 1838 G.
334 1767 536 1859 graviorem
555 1763 678 1852 ferret,
696 1774 729 1836 et
744 1773 900 1858 propter,
919 1774 958 1836 ut
977 1766 1028 1838 ait
1042 1766 1227 1855 Asconius,

163 1883 421 1955 multitudinem
448 1882 652 1964 divisorum,
678 1882 736 1975 qui
763 1903 826 1974 per
844 1881 917 1951 vim
935 1881 1228 1972 adversabantur,

161 2022 181 2068 e
201 1996 277 2068 foro
292 1999 423 2092 ejectus
442 2007 546 2088 esset,
568 2022 586 2066 »
613 2019 810 2090 repugnare
829 1995 1001 2088 probabat
1020 1996 1175 2069 Cicero«
1194 2007 1230 2069 ut

160 2113 341 2202 divisores
355 2137 441 2208 quos
452 2113 596 2183 honoris
611 2113 666 2184 sui
680 2112 862 2183 ministros
872 2137 949 2184 esse
960 2112 1134 2213 voluerat,
1150 2113 1230 2207 lego

159 2229 308 2300 ambitus
325 2229 427 2300 vellet
454 2227 636 2322 affligere,
653 2254 671 2297 r>
703 2239 750 2316 et,
776 2227 928 2320 singulis
952 2229 1156 2300 criminibus
1180 2230 1231 2302 ita

158 2347 306 2432 eversio,
319 2369 398 2415 oum
409 2346 562 2416 maxima
577 2345 703 2417 fiducia
716 2353 835 2439 petere
850 2345 893 2416 ab
906 2353 1112 2415 accusatore
1126 2353 1228 2438 pote·

161 2471 215 2534 rat
237 2462 293 2532 oui
316 2445 534 2554 gratificatus
550 2471 641 2532 esset
655 2459 839 2532 Cornelius
855 2467 915 2530 aut
934 2459 1067 2530 bomini
1083 2469 1145 2530 aut
1165 2483 1227 2530 or-

158 2576 244 2648 dini.

207 2694 342 2766 Verum
356 2717 427 2765 non
447 2693 567 2766 Cicero
585 2696 622 2766 in
640 2694 706 2766 hac
719 2717 824 2765 causa
840 2717 924 2765 vere
944 2694 1114 2788 eloquens
1133 2690 1222 2762 fuis-

157 2819 223 2898 set,
254 2811 283 2880 si
313 2813 552 2883 tantummodo
582 2813 721 2893 leniter,
752 2834 884 2906 presse,
915 2812 1090 2899 distinete,
1115 2809 1227 2884 facete

156 2928 303 3000 dixisset
316 2953 324 3018 3
338 2929 472 3023 itaque,
487 2953 593 3022 quum
609 2951 774 3020 magnam
787 2937 923 3020 partem
939 2929 1108 2999 orationis
1122 2929 1228 2999 sciret

157 3043 409 3115 admovendam
429 3067 505 3116 esse
520 3045 565 3116 ad
574 3045 771 3115 animorum
784 3052 897 3114 motus
917 3052 977 3114 aut
991 3043 1227 3115 cohortatione

158 3169 220 3230 aut
236 3160 564 3232 commemoratione
589 3160 707 3254 aliqua
727 3169 785 3231 aut
803 3160 840 3229 in
859 3166 991 3230 metum
1006 3166 1067 3230 aut
1086 3159 1131 3230 ad
1144 3159 1226 3252 glo-

159 3275 248 3346 riam
263 3276 497 3367 concitandos,
518 3276 584 3347 sub
602 3276 673 3346 fine
693 3276 863 3346 orationis
881 3288 967 3362 suae,
990 3275 1143 3346 incensis
1163 3297 1227 3345 ar-

158 3391 679 3486 dentibusqueverbis,plebem
690 3415 733 3462 ex
742 3389 890 3462 Manilia
900 3390 1090 3461 offensione
1100 3390 1226 3461 victam

157 3518 192 3578 et
204 3508 370 3580 domitam
387 3508 614 3602 praedicabat,
633 3531 674 3578 ac
690 3507 833 3577 summis
853 3505 1015 3578 laudibus
1034 3504 1227 3576 exornabat

153 3625 294 3695 illorum
311 3625 480 3696 virtutem
495 3624 725 3718 plebeiorum,
741 3624 800 3716 qui
813 3623 985 3716 quondam
995 3621 1032 3691 in
1048 3621 1224 3692 Aventino

152 3739 386 3812 consederunt
405 3739 430 3828 ³,
453 3742 578 3811 armati
603 3739 640 3809 in
665 3739 872 3832 Capitolium
896 3746 1083 3823 venerunt,
1105 3737 1224 3808 decem
1260 3763 1267 3770 ·

186 3930 196 3964 1
215 3945 227 3974 u
241 3927 322 3977 Iidem
337 3927 385 3977 nisi
398 3929 453 3977 haec
467 3927 522 3991 ipsa
534 3929 583 3986 lex,
598 3945 610 3972 u
626 3930 675 3976 etc.
691 3953 719 3960 -
734 3941 746 3971 c
759 3927 843 3976 Antea
866 3937 924 3974 xero
944 3903 1029 3986 quam,
1042 3940 1054 3968 »
1068 3927 1117 3970 etc.
1135 3937 1147 3968 n
1168 3920 1226 3969 Non

153 4011 198 4060 Cn.
215 4009 357 4068 Dolabella,
373 4027 386 4056 n
402 4012 449 4058 etc.
464 4037 491 4043 ψ
509 4025 521 4055 c
536 4008 619 4057 Tuum
634 4022 711 4071 quum
722 4006 790 4055 bunc
804 4004 920 4069 populus,
936 4022 949 4051 n
963 4008 1010 4054 etc.
1027 4031 1053 4038 —
1069 4019 1082 4048 c
1098 4001 1134 4050 Ut
1157 4015 1228 4066 spec·

153 4088 265 4139 taculum
281 4089 352 4149 illud,
366 4107 378 4136 n
394 4094 442 4139 etc.

186 4170 196 4204 ²
213 4187 225 4216 c
241 4171 276 4219 At
287 4170 356 4218 enim
370 4171 486 4229 extremi,
503 4187 515 4216 n
532 4173 581 4218 etc.

185 4252 195 4286 ³³
212 4267 224 4297 u
239 4249 322 4300 Tanta
335 4251 414 4313 igitur
428 4250 453 4298 in
469 4249 528 4309 illis,
542 4268 554 4296 x
571 4254 620 4298 eto.
639 4275 664 4284 ·-
681 4248 775 4298 «Tum
789 4247 940 4313 interpositu
956 4245 1014 4303 lide,
1030 4263 1042 4289 »
1064 4249 1112 4292 eto.
