3044 4938
510 1384 692 1458 ‘cunno
720 1386 775 1458 DE
803 1387 1064 1461 consulatu
1094 1388 1174 1460 SUO

370 1905 406 1977 si
441 1908 551 1978 oratio
580 1906 641 1977 illa
673 1916 795 1978 contra
828 1907 1030 1979 concionem
1066 1907 1107 1990 Q.
1146 1905 1306 1996 Metelli,
1343 1907 1386 1978 de

321 2043 389 2115 qua
409 2045 516 2118 supra
547 2023 789 2111 disseruimus,
815 2023 897 2094 huic
914 2023 1050 2116 generi,
1075 2021 1168 2117 quod
1187 2021 1387 2116 appellatur

319 2132 514 2223 attenuarat,
537 2134 684 2207 finitima
708 2144 774 2220 est,
798 2159 941 2225 necesse
959 2144 1011 2208 est
1037 2146 1076 2207 ut
1094 2136 1132 2205 in
1156 2134 1249 2206 idem
1271 2159 1387 2229 genus

320 2252 421 2323 cadat
444 2253 519 2323 haec
542 2253 665 2340 oratio,
688 2275 793 2347 quam
811 2252 854 2322 de
872 2253 1056 2324 consulatu
1072 2276 1148 2341 suo„
1171 2262 1209 2323 ut
1227 2251 1395 2348 plerique.

320 2369 550 2458 arbitrantur,
574 2371 761 2442 meditatus
780 2378 856 2442 erat
875 2367 1009 2457 Cicero,
1028 2392 1065 2441 se
1080 2369 1293 2462 magistratu
1319 2368 1387 2440 ab·

319 2484 511 2573 dicaturus,
540 2508 713 2580 quamque
732 2508 776 2556 ne
799 2484 946 2556 haberet
959 2485 1007 2568 Q.
1034 2483 1200 2555 Metellus
1224 2483 1387 2556 tribunus

321 2598 433 2693 plebis
455 2599 643 2693 prohibuit.
662 2601 809 2688 Verum,
828 2624 871 2672 ex
890 2624 960 2672 uno
979 2622 1099 2691 versu,
1127 2623 1226 2694 quem
1248 2599 1386 2671 Nonius

320 2714 421 2786 nobis
438 2715 488 2786 ita
504 2717 659 2787 servavit
678 2741 685 2785 :
712 2743 729 2786 u
747 2716 902 2799 Quorum
915 2716 1073 2786 luxuries
1088 2713 1266 2786 fortunata
1281 2737 1386 2785 censa

319 2830 466 2924 peperit,
490 2819 508 2898 i>
524 2832 617 2901 inter
627 2830 849 2926 doctissimos
868 2831 965 2902 viros
986 2845 1114 2921 magna
1135 2837 1213 2899 orta
1232 2837 1285 2900 est
1299 2852 1386 2900 oon-

320 2945 504 3015 troversia.
527 2945 597 3015 Alii
620 2945 727 3036 enim,
748 2948 842 3016 inter-
863 2969 948 3041 quos
971 2946 1125 3016 eminent
1143 2945 1317 3018 Patricius
1346 2929 1385 3015 ac

321 3070 439 3131 noster
464 3061 713 3154 inclytissimus
740 3063 825 3133 ciris
851 3062 894 3131 V.
926 3061 1081 3152 Leclerc,
1103 3060 1219 3130 locum
1239 3059 1383 3130 Plutar-

320 3175 374 3246 chi
396 3175 433 3244 in
457 3176 528 3246 vita
548 3175 686 3247 Crassi1
707 3179 874 3249 memoria
893 3187 1064 3264 tenentes,
1085 3175 1176 3246 hanc
1189 3176 1226 3244 in
1245 3173 1382 3269 opinio-

320 3317 401 3365 nem
426 3292 681 3380 discesserunt,
713 3293 843 3366 scilicet
867 3294 933 3366 hoc
960 3291 1199 3386 fragmentum
1229 3294 1274 3364 ad
1300 3315 1384 3364 ora-

321 3409 451 3480 tionem
480 3407 714 3480 desideratam
746 3411 945 3503 pertinere;
983 3409 1044 3480 alii
1075 3405 1234 3498 autem2,
1268 3407 1385 3480 verbis

320 3525 501 3621 paululum
524 3524 728 3612 immutatis,
746 3525 790 3595 ad
804 3523 885 3594 illos
905 3525 946 3594 de
964 3521 1148 3595 consulatu
1168 3522 1279 3594 libros
1292 3523 1384 3595 idem

322 3638 547 3712 referendum
575 3663 650 3711 esse
681 3639 894 3710 existimant.
925 3640 1006 3712 Non
1034 3649 1196 3711 nostrum
1226 3649 1279 3711 est
1306 3637 1386 3709 huic

321 3779 452 3850 pugnae
470 3757 627 3826 virorum
643 3756 801 3826 doctrina
821 3765 925 3850 atque
941 3757 1153 3848 optimarum
1172 3755 1299 3826 artium
1313 3763 1386 3826 stu·

349 4009 407 4060 ³0.
424 4025 480 4059 xm.

353 4089 364 4122 2
380 4088 480 4151 lipsius
502 4087 601 4151 Antiq„
610 4088 669 4139 lect,
680 4105 707 4149 v,
720 4090 766 4139 12:
779 4109 791 4137 «
802 4091 915 4150 Quorum
925 4090 1036 4139 luxuries
1046 4091 1155 4142 fortunae
1170 4108 1242 4142 censa
1258 4093 1363 4157 peredit,
1374 4111 1386 4140 n

322 4172 350 4216 et
362 4167 473 4217 uomet
488 4182 494 4215 ι
512 4185 524 4214 u
539 4167 652 4226 Quorum
665 4167 776 4219 luxuries
790 4171 888 4233 peperit
901 4169 983 4219 felicia
998 4187 1081 4221 censa.
1098 4191 1112 4216 n
