3024 4944
246 367 500 422 annonarias
522 341 1108 435 oanr1ouunnnrnno1rsnun
1166 372 1210 420 111

144 487 288 566 drnplum
308 490 411 549 sedin
435 490 572 567 duplum,
598 497 628 550 et
655 491 693 550 ad
710 507 849 551 rennuit
878 490 1042 550 adderetur
1071 506 1209 551 1111111111.

143 596 251 672 Neque
260 597 342 657 enim
351 597 388 668 is,
402 597 453 674 qni
464 597 680 688 hoejudicium
689 598 783 672 dedit,
797 598 834 658 de
844 599 955 658 ceteris
965 595 1084 660 damnis
1095 583 1133 657 ai'r
1143 597 1211 675 lege

144 706 270 782 Aquilia
284 707 410 778 recedit,
426 708 458 766 in
473 707 583 784 quibus
597 709 676 769 nihil
690 708 794 786 agitur
809 707 869 770 nisi
885 708 1038 778 damnum,
1055 725 1115 784 qna
1126 707 1163 768 de
1177 725 1211 768 re

143 823 258 893 praetor
273 817 407 878 animum
421 817 512 877 debet
526 818 701 882 advertere.

184 923 233 983 42.
259 923 294 983 ln
308 925 365 984 hoo
376 923 492 1002 judicio
506 923 619 984 videtis
630 924 681 1002 agi
691 925 728 984 de
742 925 785 999 vi,
797 924 910 986 videtis
923 923 974 1002 agi
988 924 1024 984 de
1038 923 1211 984 hominihus

143 1029 282 1099 armatis,
302 1030 414 1091 videtis
432 1032 633 1092 aedificiorum
649 1031 901 1110 expugnationes,
918 1031 987 1109 agri
1009 1018 1209 1104 vastationes,
1227 1014 1230 1020 ’

143 1135 299 1195 hominum
313 1136 544 1213 trucidationes,
561 1137 713 1212 incendia,
729 1138 864 1216 rapinas,
883 1136 1063 1213 sanguinem
1081 1136 1113 1194 in
1124 1135 1212 1214 judi·

144 1242 227 1302 cium
239 1243 356 1304 venire.
375 1245 415 1304 Et
429 1244 584 1304 miramini
598 1245 673 1305 satis
688 1245 833 1304 habuisse
846 1261 908 1322 eos,
926 1243 977 1320 qui
991 1244 1049 1303 hoc
1059 1242 1212 1321 judicium

144 1349 305 1420 dederunt,
327 1346 361 1411 id
376 1350 485 1429 quaeri,
504 1358 606 1412 utrum
625 1352 690 1412 haec
704 1357 766 1412 tam
778 1353 900 1430 acerha,
919 1357 983 1411 tam
997 1349 1134 1427 indigna,
1149 1355 1211 1409 tam

145 1457 262 1517 atrocia
283 1456 364 1518 iacta
381 1465 483 1519 essent
498 1477 630 1537 nec-ne;
647 1478 707 1519 non
728 1465 831 1519 utrum
844 1462 915 1536 jure
930 1455 1010 1517 faeta
1028 1475 1067 1516 an
1081 1456 1213 1535 injuriat

48 1615 51 1624 ,
144 1565 214 1624 Non
235 1581 309 1641 ergo
322 1570 472 1641 praetores
488 1566 587 1642 alege
603 1565 728 1643 Aquilia
742 1570 948 1637 recesserunt,
966 1582 1032 1640 quae
1050 1564 1088 1623 de
1103 1563 1213 1622 domno

144 1674 203 1738 est,
220 1669 274 1728 sed
298 1669 334 1728 de
358 1670 391 1728 vi
408 1676 439 1730 et
460 1671 554 1730 armis
576 1682 720 1730 severum
732 1670 882 1752 judicium
902 1669 1142 1746 constituerunt3
1158 1686 1214 1729 nec

140 1781 194 1857 jus
209 1784 239 1839 et
249 1778 395 1857 injuriam
407 1781 504 1856 quaeri
518 1798 668 1858 nusquam
682 1785 830 1857 putarunt
842 1786 996 1858 oportere,
1013 1779 1066 1839 sed
1080 1795 1146 1850 eos,
1162 1776 1213 1856 qui

144 1885 241 1952 armis
255 1905 345 1966 quam
356 1891 427 1968 jure
441 1906 533 1966 agere
547 1888 740 1965 maluissent,
754 1888 792 1947 de
802 1892 875 1967 jure
890 1894 920 1950 et
930 1887 1044 1968 injuria
1057 1887 1214 1964 disputare

145 1996 321 2056 noluerunt.

184 2105 232 2166 43.
256 2105 363 2182 Neque
375 2104 445 2164 ideo
459 2104 497 2164 de
510 2103 627 2182 injuria
642 2123 702 2164 non
718 2104 913 2182 addiderunt,
931 2105 1010 2180 quod
1028 2104 1061 2164 in
1076 2103 1146 2164 aliis
1162 2121 1216 2164 re·

144 2212 202 2272 bus
217 2230 276 2272 non
290 2211 449 2286 adderent,
461 2211 514 2271 sed
529 2229 567 2271 ne
580 2210 640 2288 ipsi
650 2210 829 2288 judicarent
847 2228 937 2288 posse
951 2209 1089 2270 homines
1105 2227 1213 2269 servos

139 2320 214 2397 jure
228 2338 313 2380 arma
331 2339 440 2398 capere
465 2327 496 2380 et
509 2339 632 2381 manum
654 2338 779 2402 cogere3
797 2337 893 2396 neque
906 2317 991 2400 {quod
1004 2318 1165 2397 lputarent,
1188 2318 1215 2377 si

147 2429 285 2490 additum
297 2435 390 2500 esset,
406 2446 496 2506 posse
510 2429 567 2489 hoc
581 2429 694 2488 talibus
718 2428 797 2488 viris
821 2427 1002 2506 persuaderi
1020 2446 1080 2486 non
1100 2426 1216 2506 injuria
1272 2406 1277 2418 ,

145 2536 271 2611 facturn,
296 2537 350 2596 sed
372 2553 410 2596 ne
424 2536 503 2612 quod
517 2541 617 2595 tamen
633 2540 752 2594 scutum
767 2535 840 2594 dare
853 2534 1012 2613 injudicio
1034 2533 1215 2594 viderentur

144 2629 196 2720 iis,
213 2659 288 2720 quos
302 2649 427 2721 propter
441 2643 506 2703 haec
521 2660 606 2703 arma
620 2642 652 2700 in
660 2641 812 2719 judicium
828 2631 1032 2702 vocavissent.

185 2753 236 2811 44.
259 2751 333 2812 Fuit
346 2750 424 2810 illud
437 2749 636 2810 interdictum
647 2750 727 2827 apud
742 2752 874 2828 majores
892 2753 1013 2808 nostros
1028 2748 1066 2806 de
1077 2747 1120 2821 ui,
1136 2746 1215 2824 quod

146 2856 237 2918 hodic
251 2873 371 2934 quoque
384 2861 432 2914 est
448 2872 455 2910 :
472 2871 558 2916 unos
567 2871 684 2915 ruaur
698 2871 830 2916 riurein
842 2869 1123 2914 nurrnocunaron
1136 2868 1215 2914 rous

146 2979 245 3024 rnnrn
263 2980 326 3024 aur
343 2978 498 3022 1111111111
514 2978 619 3021 ruerus
635 2979 669 3020 uu
684 2979 743 3022 noc
761 2977 847 3021 nuno
862 2977 896 3018 vr
909 2975 1074 3020 uaraorsri.
1099 2957 1215 3018 Deinde

146 3073 271 3134 additur
280 3073 368 3134 illins
382 3076 448 3152 jam
462 3073 518 3132 hoo
532 3089 639 3145 causa,
655 3071 778 3148 quicum
792 3070 906 3148 agitur,
921 3087 1011 3137 ouuu
1033 3087 1104 3128 inus
1118 3085 1215 3128 ross1·

145 3197 261 3257 uranu,
277 3186 308 3240 et
326 3181 383 3240 hoc
397 3179 526 3258 amplius
542 3201 549 3239 :
573 3196 653 3248 Quor
676 3195 738 3238 unc
748 3217 750 3222 .
761 3195 794 3238 vr
806 3194 867 3236 nro
881 3194 966 3238 cusu
981 3194 1041 3237 nnc
1059 3191 1214 3236 resonare

146 3305 342 3350 rosslnnnnr.

187 3396 236 3458 45.
259 3395 358 3456 Multa
372 3395 484 3488 dantpr
499 3394 539 3474 ei,
556 3395 608 3472 qui
620 3394 653 3454 vi
665 3395 798 3455 alterum
810 3389 980 3452 detrusisse
993 3386 1117 3466 dicitur,
1139 3406 1215 3466 quo-

145 3521 215 3564 rum
229 3503 257 3564 si
271 3521 364 3562 unum
378 3502 535 3578 quodlibet
555 3503 686 3580 probare
704 3499 803 3580 judici
821 3498 968 3578 potuerit,
992 3499 1085 3556 etiam
1100 3495 1125 3556 si
1140 3513 1215 3554 oon-

145 3608 247 3678 fessus
261 3607 321 3668 erit
336 3625 368 3668 se
380 3608 412 3667 vi
426 3608 586 3686 dejecisse,
600 3607 705 3667 vincat
727 3622 850 3666 necesse
877 3609 936 3680 est,
963 3603 1014 3662 vel
1030 3619 1092 3678 ,non
1107 3617 1214 3678 posse·

147 3719 228 3778 disse
240 3737 309 3778 eum
325 3718 376 3796 qui
390 3719 527 3797 dejectus
546 3719 596 3795 sit,
624 3717 675 3778 vel
690 3716 722 3776 vi
737 3697 910 3793 possedisse
923 3713 975 3772 vel
988 3712 1066 3772 clam
1080 3710 1132 3770 vel
1142 3725 1215 3787 pre·

147 3825 240 3885 cario.
258 3825 308 3895 Ei,
329 3826 379 3902 qui
398 3826 435 3884 de
449 3826 480 3885 vi
498 3824 656 3884 confessus
676 3828 769 3892 esset,
793 3829 839 3882 tot
853 3819 1045 3880 defensiones
1059 3824 1161 3888 tamen
1175 3814 1214 3875 ad

147 3952 272 4010 oausam,
283 3934 477 4010 obtinendam
491 3933 853 4014 majoresreliquerunt.·
908 3927 910 3932 ’

186 4039 235 4100 46.
259 4041 339 4117 Age,
351 4039 429 4120 illud
444 4042 575 4100 alterum
586 4039 782 4100 interdictum
793 4035 1029 4124 consideremus,
1048 4033 1128 4110 quod
1139 4032 1213 4092 item

148 4164 227 4207 nunc
249 4153 296 4206 est
320 4147 520 4207 constitutum
537 4135 663 4226 propter
686 4146 822 4206 eamdem
836 4143 1028 4221 iniquitatem
1044 4123 1211 4216 tenrporum

147 4254 331 4330 nimiamque
343 4253 499 4314 hominurn
510 4255 680 4316 licentiam
684 4287 1208 4314 ...........
