3060 4946
306 378 336 427 ot
366 333 378 346 -
424 377 472 428 nn
493 373 706 427 CICERONIS
726 371 970 424 quartorum
992 363 1255 444 FRAGMEN'l'lS

308 497 441 583 titutoS,
467 497 526 591 qui
545 495 656 567 solent
679 491 840 565 omnibus
868 500 1080 586 anteponere
1100 487 1253 574 laudem,
1272 507 1372 557 usum

307 633 383 682 esse
398 610 629 703 argumentis.
655 607 743 680 Erat
761 606 856 677 enim
878 605 1075 700 periculum
1092 627 1137 676 ne
1152 601 1374 694 liberi‘pros-

307 725 515 818 emptorum,
534 724 763 816 magistratus
778 721 906 816 adepti,
925 743 965 792 ac
978 744 1028 809 se,
1047 743 1195 816 quorum
1209 719 1300 789 bona
1313 715 1374 788 alii

307 839 542 936 possidebant,
570 861 677 932 egere
704 838 923 932 iniquissime
946 837 1171 924 arbitrantes,
1191 836 1289 928 leges
1316 834 1376 904 uel

309 957 443 1030 ferrent
462 956 518 1025 vel
536 962 716 1047 rogarent,
740 952 865 1048 quibus
881 953 942 1025 alii
961 952 1124 1024 cederent
1141 948 1375 1047 possessioni-

308 1075 372 1144 bus
392 1079 494 1165 atque
515 1071 582 1164 ipsi
602 1091 667 1142 sua
686 1077 953 1162 recuperarent.
971 1069 1059 1140 Haec
1079 1075 1195 1138 autem
1220 1066 1257 1137 in
1278 1087 1377 1135 sum-

309 1212 403 1258 mum
423 1185 611 1256 discrimen
632 1184 883 1279 rempublicam
903 1183 1125 1278 impulissent
1145 1191 1180 1254 et
1198 1181 1316 1252 nescio
1330 1169 1376 1250 ari

309 1303 542 1387 evertissent3
558 1323 653 1388 nam,
668 1301 729 1371 illa
747 1300 944 1395 praesertim
959 1307 1179 1394 tempestate,
1196 1319 1307 1369 novas
1322 1319 1376 1366 res

304 1418 460 1491 Catilina
486 1415 633 1488 moliens
654 1416 699 1487 ad
717 1439 754 1487 se
769 1415 983 1487 convocabat
1001 1437 1121 1486 omnes
1143 1413 1306 1485 Sullanos
1321 1412 1376 1506 qui

310 1534 461 1628 egebant
475 1555 613 1625 aereque
632 1529 748 1602 alieno
767 1529 997 1620 laborabant3
1021 1539 1054 1601 et
1070 1553 1133 1625 pro
1154 1537 1249 1600 certo
1268 1527 1376 1599 habe-

249 1716 251 1721 .
311 1652 372 1722 bat
390 1670 621 1744 possessores,
640 1646 699 1740 qui
720 1669 845 1738 agrum
859 1645 980 1716 multis
994 1646 1095 1717 annis
1111 1645 1288 1731 tenebant,
1301 1641 1376 1714 inde

264 1840 266 1848 ,
312 1788 396 1836 vero
414 1764 528 1834 subito
553 1771 655 1833 erant
674 1760 881 1856 expellendi,
903 1762 1021 1832 statim
1039 1759 1173 1848 furere,
1192 1759 1376 1832 seditiones

313 1881 469 1972 cogitare
482 1885 523 1950 ,et
541 1876 793 1972 rempublicam
812 1877 1009 1948 disturbare
1029 1901 1070 1949 ac
1087 1887 1291 1970 pervertere
1304 1897 1377 1946 esse

153 2001 154 2008 ’
256 2021 259 2029 ’
316 2003 471 2091 paratos.
498 1987 610 2087 Ergo,
632 1994 661 2063 si
682 1993 720 2061 in
747 1993 811 2064 tali
838 2002 995 2087 tempore
1014 1992 1169 2064 consulis
1192 1993 1294 2063 dictis
1312 2015 1377 2062 non

315 2111 459 2183 audiens
473 2116 576 2202 atque
594 2108 761 2180 obediens
784 2117 876 2180 esset
895 2119 1052 2198 senatuS,
1073 2107 1168 2180 bello
1184 2107 1314 2179 iterum
1327 2106 1378 2197 oi·-

315 2227 375 2296 vili
397 2226 499 2297 ltalia
522 2225 720 2317 flagrasset,
750 2224 864 2295 caedes
883 2225 1135 2296 crudelissimae
1159 2223 1235 2295 fieri
1254 2223 1379 2315 coepis-

316 2350 406 2429 sent,
437 2350 540 2435 atque
564 2340 602 2409 in
622 2341 715 2412 omni
735 2363 866 2432 genere
891 2349 984 2410 esset
1009 2338 1204 2412 deformata
1223 2341 1379 2412 Romana

317 2456 451 2526 civitas.
479 2455 656 2542 Attamen,
680 2471 879 2548 quanquam
898 2477 1116 2526 communem
1137 2455 1263 2524 civium
1283 2452 1379 2525 utili-

318 2578 425 2643 tatem
444 2569 607 2640 tuebatur
632 2565 752 2639 Cicero
772 2578 873 2664 atque
891 2569 1064 2664 imprimis
1090 2569 1196 2641 dabat
1223 2592 1376 2663 operam,

318 2687 410 2783 quod
427 2687 604 2782 proprium
625 2694 677 2755 est
696 2685 815 2778 optimi
839 2707 878 2756 ac
897 2685 1162 2779 prudentissimi
1188 2685 1379 2777 magistra-

319 2813 384 2892 tus,
402 2826 446 2872 ne
460 2802 585 2896 patriae
598 2797 841 2889 fundamenta,
858 2802 1004 2873 honesta
1025 2801 1380 2896 quiden1,intempes-

318 2921 392 2990 tiva
409 2926 527 2988 autem
555 2916 779 2988 miseratione
798 2915 1105 3005 labefactarentur,
1128 2940 1192 2987 nos
1213 2917 1303 2988 scire
1320 2917 1381 3008 ju-

321 3041 420 3104 varet
435 3055 503 3127 qua
520 3015 658 3104 ratione
678 3034 733 3102 vir
750 3032 823 3123 ille,
845 3033 926 3105 licet
943 3040 1063 3126 postea
1082 3029 1313 3103 affirmaverit
1327 3053 1380 3100 res

321 3147 396 3219 fieri
411 3145 587 3242 priva0s¹
604 3148 764 3232 victoria,
779 3157 818 3218 ut
835 3149 892 3243 qui
910 3149 997 3220 bello
1012 3148 1111 3240 potiti
1128 3157 1220 3236 sunt,
1236 3147 1381 3242 probas-

320 3271 372 3334 set
394 3264 474 3357 jure
498 3283 538 3331 ac
577 3263 701 3332 merito
729 3261 885 3352 Sullam,
920 3287 1023 3359 quem
1046 3262 1156 3334 semel
1188 3286 1229 3334 ac
1258 3263 1402 3357 saepius

325 3373 547 3470 exagitavid,
565 3399 585 3448 a
598 3378 704 3470 justis
719 3378 868 3449 dominis
882 3377 927 3450 ad
942 3377 1075 3450 alienos
1085 3378 1253 3472 pecunias
1267 3387 1380 3449 trans·

321 3492 457 3562 tulisse.
476 3489 639 3563 Ceterum
656 3500 847 3584 senatores
867 3495 1012 3589 quinon
1026 3501 1127 3567 erant
1142 3493 1237 3566 obliti
1251 3516 1272 3565 a
1287 3490 1381 3588 Sylla

321 3607 527 3702 optimatum
546 3615 664 3700 partes
684 3632 821 3701 semper
841 3631 917 3681 esse
941 3608 1116 3695 defensas,
1138 3611 1277 3705 quique,
1295 3605 1382 3680 haud

324 3745 424 3794 secus
446 3747 486 3794 ac
507 3723 642 3816 (licere,
660 3725 782 3814 multa,
807 3748 885 3819 quae
902 3725 1048 3799 honesta
1067 3735 1194 3797 natura
1208 3717 1382 3795 videntur³

322 3861 410 3926 csse,
434 3839 646 3933 temporibus
665 3839 741 3911 fieri
758 3864 829 3911 non
847 3839 993 3914 honesta
1012 3838 1242 3934 libentissime
1263 3839 1381 3912 crede-

352 4077 360 4112 ¹
377 4077 416 4126 De
431 4073 537 4132 Officiis,
552 4073 597 4124 lib.
611 4077 631 4129 Ι.
645 4090 667 4126 c.
681 4091 729 4127 vu.

352 4156 363 4191 2
378 4156 416 4204 De
431 4152 539 4212 Officiis,
553 4152 598 4204 lib.
613 4154 632 4215 l,
648 4170 671 4206 c.
686 4171 749 4218 x1v3
765 4157 809 4207 lib.
827 4158 860 4212 11.
877 4173 899 4217 r,
915 4175 975 4222 pru,
990 4159 1034 4220 lib,
1049 4160 1082 4220 ll,
1097 4175 1119 4210 c.
1136 4173 1211 4217 xxru,

352 4236 362 4269 ³
378 4235 414 4284 De
429 4234 532 4293 Officiis,
549 4233 593 4284 lib.
609 4235 652 4292 ΙΙΙ,
667 4251 689 4285 c.
707 4251 773 4290 xxv.
