3044 4938
301 1415 468 1493 cuano
498 1416 578 1493 ruo
606 1416 646 1490 u.
674 1415 847 1492 airino
875 1389 1047 1492 scinco

599 1655 755 1665 -—-·-—----—-

178 1938 240 2011 ,Εο
265 1963 374 2031 anno,
409 1965 475 2038 quo
495 1943 536 2014 P.
568 1943 703 2015 Vatinii
732 1965 873 2016 causam
896 1943 1017 2016 Cicero
1041 1941 1205 2038 suscepit,

138 2057 337 2130 orationum
352 2061 499 2154 copiam,
515 2069 552 2132 ut
566 2060 615 2131 ita
629 2059 753 2149 dicam,
772 2059 904 2149 effudit,
921 2061 1014 2132 inter
1027 2083 1114 2154 quas
1125 2059 1210 2130 emi-

139 2180 198 2243 net
216 2172 321 2268 longo
334 2175 561 2270 inclytissime
574 2177 625 2246 M.
642 2175 776 2246 AEmilii
791 2175 916 2247 Scauri
931 2173 1100 2248 defensio.
1112 2175 1207 2246 Nos-

140 2299 195 2358 tra
212 2297 330 2374 aetate,
351 2299 429 2385 post
452 2293 610 2363 virorum
629 2292 909 2364 doctissimorum
929 2291 1065 2386 Angelo
1084 2290 1157 2361 Mai
1174 2295 1208 2360 et

140 2403 259 2475 Caroli
278 2406 408 2502 Beyeri
426 2407 714 2501 diligentissimas
732 2408 1035 2502 investigationes,
1057 2430 1127 2478 non
1148 2429 1206 2476 so-

141 2517 215 2588 lum
234 2520 350 2619 aliqua
365 2546 409 2595 ex
427 2535 527 2620 parte
545 2524 636 2598 hanc
655 2525 847 2598 orationem
863 2522 999 2620 fingere
1008 2545 1206 2620 possumus,

141 2632 333 2726 sedetiam,
354 2662 456 2735 quum
471 2664 552 2713 reus
568 2651 660 2714 essct
674 2664 819 2736 genere,
837 2641 1016 2712 nobilitate
1031 2662 1072 2712 ac
1090 2636 1209 2730 digni·
1284 2721 1287 2724 Ι

141 2757 212 2822 tate
225 2755 459 2847 praestantior,
477 2781 652 2854 quumque
667 2759 781 2831 aditus
796 2758 841 2830 ad
855 2782 1027 2830 summum
1039 2756 1209 2827 honorem

140 2865 173 2935 ei
192 2865 347 2960 daretur,
373 2893 452 2966 quae
475 2869 583 2943 fuerit
604 2873 727 2945 Romae
746 2894 934 2945 causarum
952 2871 1092 2943 illarum
1120 2892 1210 2940 con-

141 2979 252 3051 tentio
259 2979 420 3073 judicare
433 3010 440 3056 :
455 2985 545 3080 quod
559 2986 901 3081 quidemoratorium
916 3009 1003 3080 opus
1018 2985 1208 3057 maximum

141 3117 219 3166 esse
242 3108 277 3170 et
309 3100 554 3173 difficillimum
579 3113 698 3175 noster
725 3103 961 3174 existimabat.
992 3103 1047 3174 Ex
1070 3100 1211 3174 Asconii

141 3226 350 3304 argumento
365 3240 406 3289 ac
424 3218 551 3292 subtili
562 3220 630 3290 riri
644 3219 871 3292 eruditissimi
892 3218 1047 3292 Amcdaoi
1069 3219 1209 3314 Peyron

141 3325 401 3421 explanatione,
424 3334 551 3423 omnia,
577 3358 653 3429 quae
673 3333 719 3407 ad
741 3335 833 3406 hanc
856 3357 997 3407 causam
1019 3333 1208 3429 pertinent,

126 3441 246 3535 'plane
259 3455 344 3518 nota
364 3448 545 3520 habemus.
569 3452 619 3521 M.
640 3450 806 3522 AEmilius
821 3451 988 3540 Scaurus,
1007 3449 1119 3521 fretus
1134 3472 1212 3519 me-

142 3564 253 3634 moria
275 3566 387 3659 patris
404 3587 509 3662 'quem
533 3575 833 3662 propugnatorem
851 3567 1050 3662 reipublicae
1067 3567 1102 3636 in
1126 3589 1211 3638 ora-

140 3676 251 3756 tione¹
270 3703 336 3774 pro
355 3682 397 3752 P.
419 3679 532 3754 Sestio
550 3680 670 3753 Cicero
689 3681 855 3776 appellat,
875 3682 1025 3777 primum
1043 3679 1212 3751 volunta-

142 3809 210 3872 tem
226 3795 382 3869 omnium
396 3797 434 3869 in
448 3821 486 3872 se
499 3797 702 3885 concitavit,
713 3797 816 3893 quod,
828 3793 973 3868 vitrico²
986 3820 1048 3868 suo
1061 3798 1099 3868 L.
1113 3794 1212 3868 Sulla

142 3917 275 3986 victore
303 3922 338 3985 et
366 3912 529 3985 munifico
548 3913 585 3984 in
616 3913 727 3985 socios
754 3912 925 4003 victoriae,
953 3913 1002 3985 ita
1031 3911 1212 3984 abstinens

174 4169 182 4216 t
201 4167 231 4218 C.
245 4181 328 4217 xuvn.

174 4247 186 4287 2
203 4246 386 4310 Fragmentum
400 4245 545 4304 Scauriana
560 4246 691 4310 orationis,
707 4247 745 4303 to.
