3044 4938
329 393 478 442 ORATIO
500 393 578 443 PRO
599 393 638 445 Μ.
662 392 817 444 AEllltht
839 387 998 442 SGAURO
1157 391 1199 440 lot

127 512 297 582 memoria
314 511 424 604 patris
437 512 530 606 apud
545 514 694 584 rusticos
709 512 878 607 imprimis
893 508 1196 600 commendabant,

126 626 348 698 aconsulatu
366 637 575 699 removeret.
602 630 683 700 Non
702 629 813 722 igitur
838 627 950 698 solum
971 625 1022 695 illi
1048 649 1066 694 (1
1087 625 1200 695 dicam

126 765 191 836 per
207 741 387 813 Triarium
401 740 624 816 inferendam
638 746 793 834 curavit3
810 765 832 813 u
851 743 912 814 sed
925 740 1197 831 accusationem,

127 881 197 952 quo
212 855 361 946 facilius,
385 859 604 930 comitiorum
626 831 865 932 consularium
880 879 1005 956 causa,
1019 853 1201 928 infamiam

127 997 169 1046 ao
192 975 386 1068 periculum
416 975 548 1048 Scauro
572 975 744 1066 inferret,
768 978 843 1072 ipse
866 973 1055 1046 ordinavit.
1083 974 1196 1060 Nam,

127 1113 235 1184 quum
245 1113 373 1162 nomen
385 1091 546 1163 Triarius
560 1095 652 1188 apud
665 1103 851 1188 praetorem
865 1091 1058 1177 detulisset,
1072 1113 1201 1184 quum-

127 1229 196 1300 que
210 1216 341 1300 praetor
360 1208 617 1303 inquisitionem
642 1211 789 1301 triginta
806 1201 941 1279 dierum
957 1203 1146 1290 dedisset&
1165 1215 1200 1276 et

127 1322 270 1393 sustulit
286 1322 347 1394 ille
361 1323 636 1418 inquisitionem.
655 1335 702 1416 et,
718 1325 832 1418 pridie
850 1345 953 1418 quam
965 1322 1104 1392 comitia
1114 1343 1200 1392 con-

126 1436 258 1507 sularia
276 1437 553 1526 celebrarentur,
576 1464 646 1510 uno
666 1449 754 1512 teste
770 1438 947 1534 producto,
966 1437 1114 1531 primam
1135 1457 1199 1506 ac-

126 1550 256 1623 tionem
269 1552 428 1643 confecit,
446 1555 566 1649 verbo,
578 1581 622 1628 ne
640 1551 1199 1655 «8111111911[1111111111111111

126 1669 170 1739 ab
189 1670 290 1741 sociis
309 1671 523 1762 abstulisset,
546 1682 678 1745 emeret
697 1673 928 1759 consulatum,
951 1679 998 1759 et,
1022 1671 1112 1743 sicut
1131 1691 1199 1764 pa-

125 1793 180 1856 ter
201 1785 279 1878 ejus
294 1784 447 1874 fecisset,
472 1799 659 1884 antequam
678 1789 722 1859 de
742 1811 782 1860 eo
796 1787 951 1881 judicari
969 1794 1098 1880 posset,
1118 1805 1197 1854 nna-

125 1899 316 1991 gistratum
331 1902 438 1973 iniret
456 1927 497 1974 ac
514 1928 635 1975 rursus
651 1914 731 1976 ante
746 1905 832 1975 alias
847 1903 1047 1995 provincias
1062 1898 1198 1994 spolia-

128 2026 197 2104 ret,
212 2039 316 2110 quarn
331 2017 502 2089 rationem
517 2020 645 2113 prioris
660 2018 971 2091 administrationis
982 2015 1162 2097 redderet3
1178 2036 1196 2077 »

127 2157 166 2204 rc
181 2143 312 2222 autem,
331 2144 369 2204 111
388 2157 490 2205 causa
507 2136 814 2230 comperendinata
831 2133 1038 2230 posthabita
1056 2129 1196 2204 comitia

127 2249 338 2336 consularia,
360 2250 451 2344 quod
476 2252 615 2344 quidem
640 2249 730 2322 forte
755 2275 824 2320 non
845 2251 975 2337 evenit,
998 2248 1196 2339 disputare·
1229 2249 1231 2252 ’

125 2377 196 2438 1111.
222 2365 277 2436 Ex
295 2367 515 2439 accusatione
531 2368 672 2457 Triarii,
695 2369 801 2461 cujus¹
819 2390 945 2437 nomen
965 2365 1001 2435 in
1023 2387 1084 2434 suo
1105 2363 1195 2432 libro

125 2483 293 2578 Meyerus
313 2485 442 2574 omisit,
465 2485 561 2574 nihil,
586 2495 623 2557 ut
636 2486 683 2555 ita
702 2485 827 2573 dicam,
851 2490 1022 2578 superest.
1042 2482 1191 2576 Verum,

124 2622 245 2692 quum,
267 2601 302 2669 in
320 2599 409 2671 libro
427 2602 484 2695 qui
502 2602 636 2672 Brutus
650 2600 663 2643 ³
677 2601 890 2688 inscribitur,
909 2599 1047 2691 magnis
1075 2597 1194 2669 laudi·
1290 2594 1300 2611 ”

123 2713 190 2784 bus
209 2713 341 2786 Triarii
353 2715 390 2785 in
411 2715 647 2788 adolescentia
663 2719 803 2810 plenam
818 2717 986 2787 1111111111
1002 2713 1193 2784 senectutis

122 2830 318 2902 orationem
331 2831 453 2903 Cicero
468 2833 581 2924 effert,
598 2843 632 2904 et
647 2836 868 2904 severitatem
885 2832 921 2901 in
939 2830 1035 2900 vultu
1053 2839 1088 2900 et
1102 2852 1193 2923 pon-

121 2943 187 3015 dus
207 2945 246 3016 in
262 2945 381 3018 verbis
393 2955 427 3018 et
442 2947 558 3019 omnia
573 2971 652 3042 quae
667 2971 805 3040 semper
818 2946 1038 3018 considerata
1053 2944 1193 3015 exibant

121 3084 165 3130 ex
182 3083 257 3149 ore,
280 3063 469 3136 verisimile
488 3073 539 3135 est
560 3087 640 3134 eum
666 3064 701 3133 in
727 3064 834 3134 nobili
850 3085 955 3134 causa
972 3061 1036 3130 has
1051 3059 1190 3130 dicendi

120 3175 271 3248 virtutes
285 3201 412 3272 praese
431 3179 565 3250 tulisse.
587 3179 719 3274 ltaque,
736 3191 933 3274 quanquam
953 3187 1072 3248 noster
1092 3199 1192 3246 asse-

119 3293 475 3386 11111111111311111114
501 3293 609 3367 fuisse
638 3297 896 3368 accusationem
924 3297 1037 3388 magis
1065 3315 1191 3364 acervo

118 3407 267 3502 quodam
276 3409 461 3480 criminum
476 3434 580 3505 quam
598 3412 822 3484 distinctione
842 3411 956 3507 aliqua
970 3433 1142 3505 generum
1155 3419 1189 3482 11

117 3522 312 3612 varietate,
335 3525 500 3620 quoniam
517 3526 609 3597 idem
625 3528 843 3621 argumentis
857 3527 902 3598 ad
916 3525 1060 3619 singula
1075 3546 1188 3619 appo-

116 3641 185 3711 site
203 3642 403 3735 respondet,·
426 3665 489 3734 pro
508 3651 602 3712 certo
620 3641 810 3714 habeamus
825 3641 861 3713 in
876 3641 1096 3714 accusatione
1110 3641 1188 3714 ins-

148 3921 156 3956 ¹
177 3918 242 3970 Vide
260 3920 374 3969 Amedaei
399 3921 499 3982 Peyron
528 3923 746 3971 accuratissimam
767 3922 972 3984 explanationem
998 3927 1024 3971 et
1045 3922 1186 3984 fragmenta

117 3999 241 4047 orationis
257 3999 413 4050 Scaurianae.

148 4078 159 4114 ²
175 4081 363 4141 Argumentum
373 4079 488 4131 Asconii.

147 4161 306 4220 3111111.

150 4243 161 4276 1
176 4241 360 4303 Fragmentum
374 4243 439 4291 infru
453 4244 570 4306 positum.
650 4289 653 4298 ,
