3024 4944
313 358 358 408 168
410 354 664 408 FRAGMENTA
685 353 926 406 ORATIONUM
952 350 1274 404 ouruuturnuull

340 799 406 852 XV.
430 828 460 836 -
482 794 640 849 ORATIO
663 795 703 848 IN
728 795 759 848 P.
786 791 972 848 cuoolUtl
997 791 1047 846 ΕΤ
1072 791 1105 846 G.
1125 783 1352 846 CURIONEM

651 969 851 1002 ARCUMENTUM
866 965 1041 999 HISTORICUM

353 1102 443 1164 Haud
460 1101 553 1163 aliter
571 1119 661 1178 quam
676 1101 846 1172 Metellina,
862 1101 960 1160 oratio
974 1100 1006 1160 in
1020 1101 1059 1160 P.
1072 1097 1211 1160 Clodium
1227 1100 1258 1157 et
1273 1098 1307 1159 C.
1321 1096 1386 1156 Cu-

314 1211 432 1272 rionem
446 1211 533 1272 nobis
550 1211 648 1271 fuisse
662 1210 786 1270 libellus
801 1210 937 1287 videtur,
954 1209 1083 1285 quadam
1095 1206 1286 1266 correctione
1299 1203 1387 1265 adhi-

314 1318 388 1396 bita,
404 1319 555 1396 prolatus.
580 1317 614 1378 Si
639 1317 683 1376 ita
697 1334 746 1376 res
763 1335 823 1375 non
843 1322 937 1386 esset,
963 1315 990 1376 si
1008 1313 1112 1374 habita
1133 1313 1233 1372 oratio
1251 1309 1385 1372 orationi

316 1425 438 1503 scriptae
453 1426 565 1486 similis
586 1425 707 1501 fuisset,
727 1444 794 1502 quae
814 1426 923 1485 dehac
939 1424 1046 1484 Cicero
1066 1412 1192 1484 dederat
1206 1420 1313 1482 Attico
1329 1436 1387 1481 suo

315 1535 457 1594 mandata
475 1552 603 1612 prorsus
624 1533 746 1594 inutilia
764 1533 919 1594 fuissent:
939 1531 1031 1592 Curio
1050 1531 1134 1591 euim
1148 1529 1196 1591 sui
1211 1528 1386 1590 adversarii

315 1641 347 1700 in
357 1641 443 1701 curia
457 1642 674 1703 contumeliosa
685 1640 971 1720 rerbaJ'ampridem
981 1645 1052 1699 nota
1066 1638 1233 1699 habuisset.
1249 1639 1337 1714 Ergo
1349 1654 1388 1695 ex
1407 1701 1411 1709 ,

317 1748 373 1807 hoc
394 1749 547 1812 affirmare
567 1767 729 1827 possumus
748 1749 909 1825 quamdam
931 1765 1042 1807 novam
1056 1752 1087 1807 et
1105 1745 1193 1805 nobis
1215 1743 1388 1804 inauditam

318 1854 493 1915 Ciceronem
517 1857 652 1916 tenuisse
673 1855 932 1932 consuetudinem,
954 1872 1044 1931 quam
1063 1851 1196 1931 quidem,
1219 1857 1254 1911 ut
1266 1851 1386 1929 opinor,

318 1962 457 2021 nonnulli
472 1963 612 2041 ejusdem
632 1964 733 2023 aetatis
755 1968 893 2023 oratores
917 1962 1131 2038 sequebantur.
1154 1958 1187 2018 si
1204 1957 1286 2017 forte
1305 1956 1389 2015 enim

318 2069 398 2144 apud
419 2073 557 2128 senatum
577 2074 631 2128 aut
652 2069 731 2146 apud
746 2060 891 2146 populum
909 2085 948 2127 ex
968 2067 1069 2127 animo
1094 2085 1148 2126 suo
1171 2065 1332 2125 inimicum
1351 2065 1390 2123 de

318 2181 400 2236 statu
415 2174 550 2253 dejicere
568 2194 627 2235 non
641 2175 802 2253 potuisset,
820 2174 901 2234 domi
918 2193 1010 2251 quum
1033 2174 1149 2252 stylum
1169 2171 1389 2249 prehenderet3

318 2301 387 2343 eum
402 2283 518 2342 otiosus
529 2301 563 2342 ac
574 2302 702 2343 securus
716 2283 881 2344 lacerabat.
895 2283 981 2356 Inde,
997 2281 1135 2341 oratione
1150 2280 1182 2339 in
1198 2279 1388 2357 provincias,

320 2396 354 2450 ut
366 2390 409 2449 ita
424 2389 533 2464 dicam,
550 2390 761 2458 disseminata,
778 2389 842 2465 ubi,
859 2407 894 2450 ea
909 2407 975 2466 quae
990 2394 1056 2447 tum
1074 2389 1180 2446 Romae
1201 2387 1391 2462 gerebantur

320 2500 433 2554 attente
443 2494 615 2569 audiuntne,
627 2477 785 2552 senatores
795 2493 973 2569 equitesque
982 2509 1092 2568 magna
1105 2492 1293 2568 exspectatio
1303 2495 1392 2550 teue-

321 2605 384 2679 bat,
400 2621 504 2662 omnes
518 2621 575 2679 pro
595 2608 679 2660 certo
693 2603 845 2660 habebant
867 2601 1045 2661 Ciceronem
1061 2605 1182 2676 strages
1197 2617 1309 2659 revera
1323 2599 1393 2659 edi-

323 2709 416 2778 disse,
429 2714 465 2768 et
479 2713 651 2780 ceterorum
666 2707 870 2784 eloquentiam
894 2707 1076 2784 eloquentiae
1094 2706 1180 2766 illius
1201 2705 1344 2767 omnibus
1360 2707 1393 2767 in

323 2816 422 2878 causis
445 2817 544 2876 fasces
570 2817 774 2886 summittere.
797 2817 1024 2878 veteratoriam
1044 2815 1136 2875 istam
1159 2814 1315 2874 scribendi
1340 2821 1394 2874 aut

323 2923 444 2984 dicendi
467 2924 617 2984 rationem
632 2941 720 2984 nemo
740 2929 788 2983 est
807 2929 913 2983 nostra
932 2928 1020 2982 aetate
1035 2923 1087 2999 qui
1108 2939 1168 2981 non
1191 2921 1338 2999 reJiceret
1357 2939 1392 2980 ac

323 3034 499 3107 respueret3
516 3035 547 3088 at
559 3031 664 3088 Romae
677 3029 789 3106 omnia,
810 3047 1008 3106 quaecumque
1020 3029 1150 3098 fueraut,
1167 3032 1307 3086 anteacta
1323 3025 1394 3086 vio-

324 3135 404 3196 toria
418 3136 544 3195 honesta
557 3135 680 3194 fiebant.

365 3241 479 3301 Habita
499 3245 546 3299 est
564 3241 661 3300 oratio
676 3241 763 3302 Coss.
786 3241 829 3300 M.
852 3240 948 3319 Pupio
970 3241 1086 3301 Pisone
1104 3241 1323 3319 Calpurniano,
1347 3241 1391 3301 M.

326 3346 452 3408 Valerio
475 3346 607 3406 Messala
623 3345 731 3422 Nigro,
757 3364 835 3406 anno
859 3347 897 3406 61
922 3352 992 3406 ante
1013 3349 1098 3408 J.-C.
1124 3379 1162 3392 -
1189 3349 1280 3406 Anno
1305 3345 1394 3406 Cice·

326 3453 410 3514 ronis
432 3453 482 3514 46.

365 3561 568 3636 Fruymeuta
586 3559 746 3618 orationis
758 3578 799 3620 erc
812 3560 955 3619 editione
973 3560 1088 3620 Orellii
1101 3577 1177 3618 cum
1190 3559 1305 3619 Beieri
1313 3578 1393 3636 sup·

324 3665 510 3742 plecteretis,
526 3681 598 3740 quoe
613 3663 732 3722 litteris
746 3664 917 3724 inclinatis
931 3665 1158 3725 eccedoutcr.

286 3837 292 3842 “
367 3835 391 3892 Ι.
417 3833 446 3895 1.
470 3834 645 3893 statueram
657 3831 678 3902 ¹,
695 3835 734 3893 P.
750 3835 798 3912 C„
815 3837 913 3912 quoad
927 3853 998 3896 reus
1013 3841 1093 3895 esset
1106 3835 1144 3898 P.
1163 3835 1300 3910 Clodius,
1316 3836 1391 3896 nihil

329 3941 365 4002 de
379 3940 540 4016 illoneque
552 3940 632 4018 apud
646 3958 702 4002 vos
716 3959 812 4017 neque
830 3943 974 4028 alioullo
983 3942 1016 4002 in
1031 3944 1098 4003 loco
1111 3942 1212 4003 dicere
1226 3939 1250 4002 ².

357 4153 366 4188 ¹
382 4153 473 4198 Primus
483 4153 532 4198 haec
541 4155 671 4210 fragmenta
681 4169 710 4201 ex
720 4158 798 4201 codice
808 4157 962 4202 Ambrosiano
973 4159 1064 4215 Angelo
1075 4161 1120 4206 Mai
1131 4160 1209 4204 edidit.

356 4226 367 4260 ἵ
384 4227 413 4268 Dc
423 4226 460 4270 hie
469 4226 607 4281 fragmentis
617 4229 774 4272 consulendus
785 4235 821 4273 est
830 4229 957 4274 Scholiasta
970 4231 1100 4277 Bobiensis.
