3070 4950
572 1521 738 1595 ORATIO
766 1522 849 1597 Pau
879 1525 913 1597 L.
941 1523 1120 1598 trunto

361 2069 490 2140 Iisdem
514 2067 589 2140 fere
618 2070 844 2163 temporibus
874 2070 999 2165 quibus
1027 2093 1168 2142 causam
1195 2072 1244 2141 bl.
1272 2070 1380 2142 Tullii

313 2181 432 2254 Cicero
464 2193 608 2276 egerat,
649 2184 690 2254 L.
722 2184 924 2274 Varenum,
959 2210 1058 2272 reum
1090 2187 1183 2258 inter
1214 2186 1376 2274 sicari0S,

312 2323 418 2394 quum
443 2301 507 2372 Cn.
530 2302 711 2373 Varenum
730 2291 953 2372 vulnerasset
968 2311 1002 2373 et
1022 2302 1061 2373 C.
1083 2304 1265 2374 Varenum
1284 2301 1380 2373 occi-

311 2416 430 2503 disset,
456 2414 633 2508 defendit3
664 2428 698 2489 et
720 2418 817 2489 illius
841 2411 1058 2492 defensionis
1078 2420 1227 2510 integrae
1246 2441 1286 2488 eo
1302 2440 1379 2487 ma·-

312 2531 367 2622 gis
386 2531 597 2603 desiderium
623 2557 687 2604 nos
711 2534 901 2622 remordet,
927 2557 994 2628 quo
1023 2535 1125 2629 plura
1143 2534 1188 2604 de
1207 2556 1248 2604 ea
1267 2532 1381 2616 Quin-

311 2647 454 2720 tilianus
474 2650 631 2743 exempla
650 2651 809 2744 sumpsit,
832 2654 929 2745 quasi
958 2652 1048 2722 hanc
1076 2674 1153 2724 esse
1171 2646 1396 2752 perfectam,

309 2762 504 2837 absolutam
519 2776 553 2838 et
571 2766 666 2836 omni
685 2789 816 2858 genere
838 2765 1009 2838 virtutum
1028 2768 1265 2838 abundantem
1281 2763 1380 2834 arbi-

310 2889 475 2952 traretur.
499 2879 672 2971 Ceterum,
698 2883 780 2977 quia
809 2882 1092 2954 accusationibus
1116 2881 1222 2953 etiam
1243 2879 1380 2951 medio-

309 2996 432 3066 cresin
451 2994 597 3067 dicendo
617 3022 753 3092 semper
767 2998 992 3083 suffecerunt,
1016 2999 1098 3069 dum
1113 2998 1226 3068 honus
1249 2994 1377 3070 defen-

308 3134 365 3180 sor
379 3134 480 3181 nemo
490 3111 557 3182 nisi
566 3093 870 3207 eloquentissimus
885 3110 993 3184 fuerit
1003 3112 1028 3204 ¹,
1043 3136 1112 3184 non
1122 3112 1199 3183 haec
1213 3121 1379 3205 excerpta

308 3224 345 3294 in
369 3226 521 3296 oratoria
544 3227 762 3300 Institutione
788 3228 969 3300 audientes
989 3229 1046 3299 vel
1074 3229 1234 3321 legentes
1252 3227 1376 3298 obstu-

307 3341 490 3435 pescimus.
1391 3325 1399 3342 ⁸

355 3459 440 3543 Quis
456 3457 561 3531 fuerit
576 3461 642 3531 iste
656 3461 831 3548 Varenus,
856 3463 1080 3556 quamobrem
1109 3484 1188 3534 eum
1207 3460 1257 3530 M.
1286 3457 1378 3530 Tul-

305 3575 373 3647 lius
402 3573 660 3647 defendendum
689 3578 904 3671 susceperit,
938 3601 1058 3649 omnes
1090 3577 1273 3670 ignorare
1289 3573 1373 3678 satis

306 3702 462 3776 constat;
479 3693 540 3764 sed
559 3692 603 3763 ad
618 3692 863 3766 auctoritatem
884 3692 1107 3788 gratiamque
1121 3690 1234 3764 nostri
1250 3701 1373 3762 orato--

306 3809 355 3880 ris
380 3807 582 3901 pertinebat
604 3807 737 3879 nullius
752 3831 906 3901 unquam
927 3807 1093 3901 periculis
1107 3807 1229 3880 deesse
1246 3804 1372 3892 videri,

305 3936 344 3997 ut
366 3924 541 4018 majorum
574 3924 908 3996 commendationem
933 3923 1109 3995 beneficiis
1140 3925 1177 3994 in
1208 3923 1301 3993 cives
1334 3943 1376 3991 ac

305 4039 440 4111 meritis
464 4040 565 4112 brevi
586 4048 840 4134 compensaret.
858 4039 956 4123 Quod
980 4042 1009 4112 si
1037 4040 1089 4112 rei
1112 4039 1264 4111 hominis
1279 4039 1375 4111 nulla

336 4283 345 4318 ¹
359 4282 539 4346 Quintilianus,
556 4283 600 4334 lib.
616 4275 650 4344 V,
666 4301 688 4335 c.
704 4293 761 4334 xnt.
