3070 4950
304 388 335 437 to
419 387 466 436 DE
488 381 702 437 nicanorus
724 379 968 433 ORATIONUM
992 329 1254 430 FRAGMENTiS

303 506 434 580 certius
454 503 666 598 infringeret
687 513 790 598 atque
808 502 975 587 elevaret,
998 499 1115 571 statim
1129 522 1170 570 ea
1184 520 1371 592 compara—

304 625 401 696 tione.
415 631 535 694 noster
554 620 733 708 utebatur,
752 641 819 714 qua
838 641 902 688 nec
916 618 1045 688 liberos
1063 639 1127 687 nec
1144 616 1198 686 sui
1210 622 1369 708 potentes

303 741 437 813 animos
444 739 601 834 judicum
613 734 781 807 efficeret.
791 733 1011 805 Memorabat
1025 731 1118 802 enim
1132 729 1300 824 quomodo
1313 729 1369 798 vir

304 856 402 928 fortis
423 855 534 928 Aulus
562 852 730 924 Gabinius
755 875 826 920 non
855 858 946 921 esset
974 871 1097 943 passus
1123 871 1140 916 u
1165 847 1241 940 plus
1268 845 1370 917 unius

302 971 449 1065 college
470 969 525 1040 sui
541 992 645 1063 quam
665 968 841 1038 universae
859 965 1009 1037 civitatis
1026 987 1146 1034 vocem
1166 961 1320 1033 caluisse
1336 969 1372 1030 et

302 1084 564 1160 voluntatem1:
582 1110 599 1152 u
622 1086 713 1179 quod
730 1085 809 1155 sine
821 1083 927 1154 dubio
942 1083 1056 1176 majus
1070 1094 1147 1153 erat
1163 1101 1265 1175 quam
1281 1076 1372 1149 codi-

303 1229 377 1275 cem
392 1203 523 1296 legere.
541 1201 614 1272 Sub
627 1201 730 1295 hujus
747 1198 1064 1293 argumentationis
1077 1197 1160 1284 fine,
1175 1202 1213 1265 ut
1223 1219 1266 1266 ex
1277 1217 1368 1288 quo*

302 1321 382 1394 dam
401 1317 599 1411 fragmento
620 1315 798 1388 affirmare
815 1317 996 1403 audemus,
1014 1324 1174 1386 senatum
1195 1309 1368 1403 interpelu

302 1437 410 1523 labat,
434 1435 491 1530 qui
512 1431 538 1522 2,
561 1433 677 1526 legem
706 1433 807 1504 istam
827 1431 1009 1527 paululum
1035 1429 1255 1502 emendatam
1275 1427 1369 1498 acci-

301 1554 440 1650 piendo,
478 1575 547 1622 non
586 1550 696 1621 solum
724 1549 927 1621 Cornelium
951 1546 1133 1618 absolvere
1167 1545 1230 1615 sed
1265 1543 1371 1615 otiam

301 1668 527 1764 comprobare
543 1667 640 1736 visus
656 1674 743 1736 erat.

349 1785 452 1854 Hune
486 1783 611 1872 locum,
646 1804 748 1875 quem
782 1782 842 1850 vix
874 1779 1094 1867 adumbrare,
1124 1778 1211 1850 adeo
1246 1798 1370 1848 manca

303 1906 491 1994 supersunt
518 1895 732 1989 fragmenta,
760 1897 946 1990 potuimus
974 1897 1049 1967 sine
1079 1894 1182 1965 dubio
1212 1892 1369 1964 narratio

302 2040 342 2088 ea
376 2016 598 2111 sequebatur,
630 2015 672 2086 de
699 2037 767 2110 qua
800 2015 934 2088 nullam
964 2016 1174 2087 mentionem
1201 2010 1370 2082 Asconius

302 2133 397 2220 fecit,
415 2154 549 2227 quaque
564 2131 687 2203 Cicero
703 2131 885 2202 seditionis
899 2133 1030 2202 crimen
1042 2131 1078 2200 in
1098 2150 1284 2224 operarum
1298 2127 1369 2196 du-

302 2275 358 2322 ces
378 2249 572 2322 avertebat.
595 2247 653 2337 At,
674 2247 703 2318 si
731 2248 917 2319 verisimile
936 2255 988 2338 est
1010 2270 1102 2331 eum,
1126 2243 1209 2338 quid
1231 2250 1368 2334 gestum

302 2373 394 2438 esset
412 2366 604 2451 narrando,
627 2363 721 2433 omni
745 2386 810 2456 ope
838 2386 913 2436 esse
937 2362 1121 2433 connisum
1149 2370 1187 2431 ut
1209 2356 1368 2452 jucunda

301 2482 399 2554 etad
421 2477 700 2575 persuadendum
727 2478 985 2562 accommodata
1013 2477 1075 2550 illa
1097 2500 1179 2573 pars
1201 2475 1368 2547 orationis

301 2607 405 2684 esset,
422 2595 510 2666 nihil
522 2602 637 2666 tamen
654 2601 714 2665 aut
729 2618 771 2664 ex
785 2593 850 2664 hoc
868 2619 875 2663 :
891 2619 909 2664 u
922 2594 1081 2690 Coeptum
1092 2596 1200 2686 igitur
1215 2617 1278 2687 per
1292 2616 1365 2681 cm,

301 2713 358 2808 qui
373 2712 431 2805 agi
449 2711 626 2801 volebant,
649 2711 797 2780 desitum
816 2719 869 2782 est
884 2734 945 2806 per
959 2711 1066 2799 hunc,
1083 2712 1141 2806 qui
1157 2711 1308 2783 decessit
1323 2737 1332 2796 3
1348 2734 1366 2779 u

300 2839 359 2900 aut
375 2854 418 2901 ex
440 2827 500 2899 illo
523 2853 530 2897 ι
552 2853 569 2896 u
593 2826 792 2898 Circumitis
813 2830 936 2897 rostris
962 2827 1172 2922 ejicerentur
1191 2827 1368 2922 lapidibus

299 2946 457 3017 homines
474 2969 491 3014 >r
509 2943 685 3036 conjicere
709 2944 767 3013 vei
787 2940 964 3014 affirmare
987 2944 1079 3016 licet.
1106 2944 1203 3039 Ergo
1231 2968 1369 3039 nequa-

301 3085 404 3156 quam
427 3060 611 3131 molestum
633 3059 713 3146 erit,
739 3059 770 3128 si
793 3058 882 3145 haec,
905 3082 982 3154 quae
1004 3061 1137 3130 nemini
1155 3061 1366 3154 speciosiora

301 3178 376 3247 visa
391 3184 483 3262 sunt,
505 3175 604 3269 quasi
618 3183 872 3268 praetereuntes
888 3177 1189 3248 aestimaverimus.

349 3294 582 3385 Posteaquam
600 3312 735 3360 summa
750 3290 942 3380 obstacula,
959 3301 997 3361 ut
1015 3292 1134 3364 videre
1148 3302 1213 3381 est,
1225 3292 1365 3366 dicendi

301 3408 537 3478 moderatione
560 3416 594 3477 et
611 3405 757 3478 artificio
782 3406 960 3478 devicerat
978 3408 1111 3498 Cicero,
1134 3411 1232 3504 quasi
1249 3410 1367 3481 omnia

299 3545 430 3616 genera
452 3522 619 3594 orationis
643 3523 680 3592 in
701 3545 741 3594 ea
765 3523 901 3594 actione
925 3546 1118 3616 congerere
1134 3524 1313 3611 voluisset,
1331 3532 1367 3595 et

300 3639 416 3732 legem
427 3639 469 3710 de
483 3639 567 3732 jure
583 3638 798 3732 praetoribus
813 3639 957 3709 dicendo
973 3649 1006 3710 et
1025 3640 1141 3731 legem
1154 3639 1307 3712 Cornelii
1322 3639 1366 3712 de

299 3753 433 3825 ambitu
466 3753 631 3826 laudabat
655 3763 759 3848 atquc
784 3754 982 3825 extollebat.
1006 3754 1051 3826 At
1074 3779 1117 3827 ex
1142 3754 1364 3848 fragmentis,

300 3892 379 3963 quae
402 3869 446 3941 ad
468 3870 571 3941 istam
605 3868 818 3942 defensionis
846 3879 982 3965 partem
1007 3872 1196 3964 pertinent,
1223 3882 1367 3967 apparet

333 4143 338 4177 ¹
359 4143 474 4206 «‚Urrum
491 4149 584 4203 tamen,
603 4163 613 4188 υ
630 4148 678 4193 etc.
703 4143 705 4148 '

332 4224 342 4258 ²
359 4242 370 4268 «
387 4225 421 4274 At
434 4227 501 4274 euim
514 4223 545 4274 de
561 4223 720 4286 corrigenda,
735 4243 746 4270 u
764 4229 812 4273 etc.
839 4261 842 4270 .
