3024 4944
138 401 141 410 .
226 343 477 396 FRAGMENTA
500 343 740 413 ORATIONUM
762 343 1084 396 DEPERDITARUM
1145 347 1191 398 tue

164 463 197 522 2.
222 465 363 524 Tametsi
371 465 654 542 acerbissimumlet
668 463 809 540 capitale
822 463 904 522 milti
914 463 1029 536 odium
1037 464 1147 539 mimis,
1157 483 1191 524 ae

129 567 253 627 furiosis
267 568 463 628 concionibus
478 568 644 639 indixerat,

165 675 196 733 3.
220 676 307 745 Quod
321 674 414 734 simul
433 677 517 734 abeo
532 675 608 735 mihi
623 680 654 734 et
667 674 715 734 rei
728 693 759 752 p.
776 674 1013 736 denuntiabatur
1029 698 1037 735 ε
1082 689 1097 748 j

167 786 196 843 lt.
223 785 342 843 Tamem
351 803 456 862 aeque
466 785 540 842 dimi
554 785 735 861 quidquam
747 802 809 860 pro
819 785 1014 856 testimouio,
1029 787 1096 845 uisi
1106 787 1195 862 quod

130 899 201 950 erat
214 893 261 949 ita
275 898 390 948 uotum
402 899 501 966 atque
516 897 669 949 testatum
681 899 720 948 ut
732 909 801 948 aaa
813 908 941 965 possem
958 893 1149 966 praetoriam
1163 899 1194 950 et

129 998 230 1073 facile
242 997 395 1072 patiebar
410 995 489 1056 nihil
502 1015 551 1056 me
567 997 679 1055 addere
695 997 732 1055 ad
747 996 876 1056 alterius
890 997 1073 1074 periculum.

167 1105 197 1164 5.
223 1105 296 1164 Nou
310 1105 397 1164 euim
408 1106 504 1163 illum
518 1122 622 1178 reum,
637 1105 695 1163 seul
710 1105 829 1163 millies
840 1104 1196 1164 coademaatumardi-

130 1212 254 1280 tradar,
272 1211 341 1269 uisi
354 1211 495 1288 relliqia
511 1212 580 1270 uisi
590 1212 770 1288 pudicitia,
791 1212 859 1270 uisi
865 1210 1078 1285 judiciorum
1097 1213 1195 1288 fides,

129 1318 196 1376 uisi
214 1325 350 1377 serratus
372 1319 556 1379 auctoritas
579 1318 683 1376 ommis
706 1318 910 1378 concidisset.
932 1316 986 1378 Sin
1011 1324 1092 1378 esset
1109 1318 1197 1396 J'udi-

130 1428 230 1483 eutum
244 1440 304 1482 ιιοιι
318 1421 419 1481 videri
434 1408 542 1482 'virum
564 1424 699 1493 venisse,
723 1443 781 1503 quo
804 1425 862 1484 iste
878 1423 1025 1500 venisset,
1041 1436 1110 1484 aaa
1123 1444 1196 1488 ma*

129 1547 271 1607 quopere
298 1529 521 1604 iutelliqedam
543 1548 613 1590 csse
637 1532 729 1590 uobis
754 1532 984 1608 laborandum,
1008 1549 1048 1592 ae
1075 1533 1136 1607 ita,
1158 1541 1197 1592 ut

129 1645 309 1712 sperarum
327 1637 419 1704 mali,
440 1638 565 1698 alacris
585 1640 766 1698 resultaret
779 1639 970 1714 improbitas
990 1642 1028 1700 ia
1042 1641 1194 1700 uictoria.

169 1741 200 1802 u.
222 1743 265 1801 Ut
288 1742 342 1802 ille
365 1760 381 1800 e
401 1741 528 1820 judicio,
552 1747 697 1818 tanquam
711 1761 727 1800 e
742 1741 913 1822 naufragio,
936 1743 1035 1812 nudus
1054 1743 1193 1818 emersit3

130 1847 335 1930 [perturbatio
352 1847 361 1882 ¹
378 1849 472 1907 istum
486 1847 598 1906 mentis
611 1853 643 1907 et
657 1849 796 1925 quaedam
810 1849 962 1908 scelerum
982 1849 1081 1909 offusa
1096 1848 1197 1928 caiigo

131 1962 161 2015 et
175 1943 319 2016 ardentes
341 1953 494 2014 furiarum
521 1953 621 2014 fasces
642 1953 847 2034 excitarunt];
870 1956 1068 2032 prasertim,
1093 1974 1197 2034 quum

131 2065 162 2122 ei
186 2069 321 2140 frustra
343 2079 383 2121 ea
403 2069 485 2122 esset
510 2078 600 2138 spes,
624 2063 680 2120 cui
708 2062 899 2149 iatius-erat
922 2063 1103 2139 cupiditati
1130 2081 1198 2124 suu

131 2170 316 2246 blaudieus,
326 2179 365 2228 ut
375 2170 491 2246 opimae
498 2169 677 2244 prouinciae
682 2169 877 2245 proconsuli
890 2178 1034 2246 quaestor
1047 2168 1197 2229 auctori

131 2285 199 2336 tate
210 2285 345 2336 semotus
360 2277 555 2336 adderetur.

171 2383 251 2444 11.1.
265 2381 326 2463 [Ao
340 2380 411 2442 vide
421 2380 432 2415 2
443 2400 481 2440 au
495 2380 584 2440 facile
599 2379 668 2440 fieri
683 2385 716 2440 tu
730 2379 878 2456 potueris,
887 2398 979 2456 quum
987 2381 1014 2440 ie
1028 2381 1125 2442 factus
1138 2399 1197 2442 non

131 2492 184 2566 sit,
200 2492 249 2552 cui
264 2498 297 2551 tu
312 2487 506 2569 concessisti]
515 2489 638 2566 Syriam
653 2489 711 2549 sibi
725 2506 779 2548 uos
793 2495 882 2548 extra
891 2490 1031 2550 ordinem
1045 2490 1196 2568 polliceri.

170 2599 202 2659 2.
227 2597 333 2662 Quum
347 2599 453 2674 iqitur
468 2595 672 2655 creditoribus
686 2596 749 2656 suis
765 2614 849 2672 spem
860 2601 1016 2657 ostentare
1030 2596 1198 2674 provinciae

131 2707 302 2782 videretur,

171 2815 202 2873 3.
226 2815 350 2890 Augens
365 2829 510 2888 magnum
524 2811 685 2886 quemdam
695 2810 851 2869 cumulum
866 2809 938 2870 seris
953 2809 1047 2869 alieni
1063 2832 1070 2871 :

172 2923 203 2982 4.
230 2921 268 2980 Ut
280 2918 430 2996 ingemuit
444 2917 572 2995 gravius
587 2917 725 2976 timidior
738 2916 860 2993 quidam
876 2917 1028 2994 creditor3

172 3029 201 3089 5.
227 3027 395 3088 Confirmat
409 3043 441 3084 se
457 3023 589 3084 comitiis
604 3015 820 3084 consularibus
835 3023 1104 3084 Romae'futurum.

172 3135 203 3194 6.
228 3133 334 3198 Quum
352 3150 427 3191 vero
447 3132 522 3206 ipsa
536 3131 612 3205 jam
626 3131 755 3190 sortitio
766 3131 1018 3208 provinciarum
1032 3137 1180 3206 respecta
1195 3168 1199 3174 -

132 3225 238 3310 retur,
255 3246 339 3299 tanto
353 3239 440 3316 prius
455 3239 493 3298 ad
503 3238 647 3298 aerarium
662 3237 758 3318 venit,
776 3237 866 3296 utini
882 3255 919 3296 ne
935 3238 1068 3298 scribam
1078 3237 1199 3315 quidem
1225 3228 1230 3236 ’

133 3365 314 3424 quemquam
328 3346 505 3405 offenderet.
1187 3317 1190 3330 ¹

173 3455 230 3514 111.
248 3454 276 3513 1.
293 3452 402 3530 Atque
413 3453 512 3510 etiam
521 3451 702 3511 simulabat
711 3469 757 3523 se,
768 3459 806 3510 ut
815 3451 971 3510 triduaus
981 3449 1083 3527 plebis
1093 3452 1200 3527 fieret,

133 3560 368 3619 cautam-iaotis
380 3559 544 3636 mutibus,
562 3559 641 3632 jure
658 3555 838 3622 Quiritium
862 3558 1007 3634 leyitimo
1022 3556 1202 3616 tutelarum

133 3674 165 3726 et
178 3665 401 3726 hereditatum
415 3667 540 3739 relicto,
552 3667 682 3724 amissis
697 3667 802 3724 sacris
814 3665 977 3742 pateretis,
994 3664 1030 3721 ia
1045 3663 1203 3738 adoptiva

134 3774 361 3832 trausiturum
378 3792 388 3829 :
408 3772 532 3849 [quibus
556 3770 568 3806 ³
588 3769 672 3851 iste],
704 3773 756 3848 qui
780 3771 882 3831 omnia
909 3768 1062 3830 sacrificia
1088 3773 1203 3842 nosset,

133 3876 240 3958 [facile
255 3881 292 3939 ab
304 3897 337 3938 ee
351 3878 445 3940 deos⁴
459 3878 576 3956 placari
591 3897 681 3955 posse
694 3875 929 3956 arbitrabatur]

213 4073 224 4131 ]
235 4007 405 4126 ‘Quintilianum
418 4070 459 4115 lib.
470 4073 511 4120 ΙΧ,
521 4083 541 4114 c.
555 4083 588 4114 111.

165 4075 173 4110 i

165 4145 175 4180 ²
189 4068 201 4202 ξ
214 4145 225 4203 ]
241 4145 404 4198 Quintilianus,
415 4145 455 4189 lib.
466 4147 494 4198 V,
505 4158 524 4189 c.
538 4157 563 4188 11.

164 4215 197 4251 3-4
213 4218 224 4274 l
238 4218 249 4276 ]
263 4217 426 4270 Quintilianus,
439 4217 479 4262 lib,
489 4217 530 4261 IX.
542 4229 562 4260 r.
574 4228 590 4258 ιι
