3044 4938
279 386 310 438 88
390 386 438 434 DE
459 381 940 436 CICERONIS·0RAT10NUM
961 383 1225 436 uuaounurts

280 503 441 576 eumdem
466 501 632 574 Crassum
658 511 731 573 tres
755 503 893 594 legatos
919 502 1059 574 decerni
1078 503 1243 576 uoluisse.
1271 505 1346 576 Hoc

283 643 391 692 unum
411 626 560 707 constat,
581 617 712 689 scilicet
730 618 821 690 hanc
838 617 1067 711 provinciam,
1086 627 1123 688 ut
1142 643 1263 712 regem
1287 643 1347 692 re-

280 734 435 822 duceret,
458 733 685 806 vehementer
704 733 808 804 simul
827 755 867 804 ac
887 743 1020 804 secreto
1037 735 1244 828 Pompeium
1259 757 1348 820 oon<

281 850 451 946 cupiisse,
479 858 584 943 atque
609 848 647 918 in
664 847 738 948 ‘tali
763 857 919 942 tempore
941 848 1145 921 Ciceronem
1174 857 1208 920 et
1235 846 1348 920 officio

281 989 368 1058 erga
383 964 572 1037 Lentulum
589 963 734 1036 mirifice
755 974 789 1036 et
811 963 984 1036 voluntati
997 965 1155 1060 Pompeii
1176 964 1349 1060 praeclare

280 1077 527 1174 satisfecisse¹,
546 1103 652 1174 quum
663 1081 703 1152 Ρ.
722 1079 863 1152 Lentuli
884 1103 1025 1152 causam
1038 1091 1157 1175 aperte
1172 1091 1343 1154 tueretur.

328 1197 369 1268 ln
394 1197 568 1266 sententia
587 1218 663 1283 sua,
688 1204 725 1268 ut
744 1219 788 1268 ex
809 1195 959 1289 quodam
983 1194 1347 1268 1000F0rtunatiani2

279 1314 451 1407 conjicere
461 1311 553 1401 licet,
567 1314 802 1407 partitionem,
818 1336 897 1408 quae
910 1312 996 1402 praru*
1006 1321 1119 1407 Potest
1132 1313 1214 1403 dici,
1226 1316 1348 1386 Cicero

279 1428 470 1516 adhibens,
495 1427 533 1500 in
559 1429 815 1526 propositione,
844 1430 880 1500 id
909 1430 999 1524 quod
1025 1430 1347 1503 contradicebatur

281 1543 485 1634 refellendo,
512 1545 710 1640 incipiebat.
737 1545 891 1633 Etenim,
922 1554 960 1617 ut
986 1547 1240 1642 supradictum
1267 1552 1342 1634 est,

280 1669 376 1754 patet
397 1660 476 1730 illos
501 1667 696 1747 senatores,
720 1660 780 1754 qui
805 1667 886 1736 ante
907 1660 1109 1733 Ciceronem
1137 1661 1346 1734 sententiam

280 1775 456 1862 dixerant,
480 1799 498 1844 u
520 1771 765 1848 testamentum
786 1773 982 1850 Alexandri
1004 1778 1113 1871 regis,
1138 1801 1206 1872 quo
1229 1778 1260 1850 is
1280 1801 1347 1871 po-⁴

282 1891 405 1986 pulum
429 1892 625 1963 Romanum
648 1892 840 1984 scripserat
862 1895 964 1986 regni
981 1895 1171 1982 haeredem,
1192 1902 1308 1966 ratum
1327 1919 1347 1961 n

283 2031 360 2078 esse
383 2003 542 2079 futurum
565 2007 742 2080 censuisse
769 2033 776 2078 :
800 2031 885 2101 ergo
898 2063 907 2099 ,
930 2019 1116 2104 antequam
1137 2031 1201 2080 sua
1218 2009 1349 2082 confir*

282 2130 408 2214 maret,
435 2123 607 2195 contraria
626 2122 843 2216 redarguere
861 2123 1033 2212 studebat,
1056 2147 1121 2198 neo
1142 2124 1256 2194 solnm
1280 2147 1348 2198 va-

282 2241 343 2312 riis
361 2239 534 2331 firmisque
550 2238 769 2329 argumentis
788 2237 849 2310 sed
873 2239 977 2310 etiam
999 2238 1220 2312 adversarios
1236 2237 1350 2310 facete

281 2352 473 2438 irridendO,
496 2358 674 2422 uteorum
696 2351 938 2424 auctoritatem
964 2354 1102 2447 penitus
1119 2353 1345 2448 infringeret.

282 2468 439 2540 Primum
458 2465 633 2553 omnium,
661 2475 739 2560 post
757 2465 879 2540 brevia
903 2451 1362 2565 principia‚'queeqnide1n'

281 2579 492 2660 hortatoris3
509 2592 607 2670 sunt,
636 2592 674 2653 ut
695 2583 980 2656 dissentientibus
999 2583 1166 2664 invidiam
1182 2585 1275 2679 apud
1290 2609 1349 2656 se-

282 2706 403 2770 natum
417 2695 562 2786 faceret,
580 2697 671 2792 quod
690 2719 734 2767 ex
749 2697 859 2791 primo
873 2721 978 2770 versu
993 2699 1036 2770 de
1052 2699 1182 2771 scholia
1196 2701 1350 2800 Bobien·

281 2813 333 2886 sia
354 2820 516 2907 excerpto
542 2811 769 2905 ejusdemque
789 2813 1036 2906 commentario
1058 2815 1233 2908 conjicere
1252 2815 1345 2903 licet,

276 2929 409 3024 odiosis
435 2926 552 3006 uerbis
571 2925 804 2998 denunciabat
824 2949 893 3021 qua
911 2952 984 3022 spe,
1011 2951 1078 3024 qua
1097 2930 1258 3018 avaritia,
1280 2954 1347 3025 qua

280 3041 468 3136 diripiendi
479 3040 679 3133 cupiditate,
700 3040 846 3134 AEgypti
863 3042 1116 3134 possessionem
1130 3043 1258 3139 populo
1272 3047 1326 3116 Ro
1342 3088 1350 3100 ·

282 3180 385 3230 mano
409 3154 570 3233 nonnulli
595 3154 741 3242 darent,
768 3152 951 3228 affirmans
980 3181 1039 3230 eos
1066 3157 1132 3230 sihi
1154 3158 1284 3232 bellum
1307 3159 1344 3230 in

281 3271 544 3368 opulentissima
560 3270 624 3342 illa
642 3273 787 3365 regione
808 3272 1120 3349 administrandum
1136 3298 1343 3370 nuncupere,

281 3412 351 3462 non
369 3397 408 3460 ut
431 3396 661 3482 capesserent
683 3397 744 3459 aut
768 3387 833 3460 sibi
851 3389 1070 3464 vindicarent
1089 3390 1344 3480 haereditatem,

281 3503 344 3576 sed
366 3513 405 3575 ut
424 3511 602 3606 raperent,
621 3501 680 3582 ,utl
699 3503 1010 3576 latrocinarentnr.
1034 3504 1180 3593 Deinde,
1207 3505 1347 3578 domes-

281 3619 359 3690 ticis
378 3618 548 3710 exemplis
568 3626 684 3703 utens,
707 3641 786 3713 quae
811 3619 848 3690 in
874 3618 1051 3718 suadendo
1078 3642 1218 3712 semper
1231 3618 1346 3712 pluri-

281 3757 376 3806 mum
402 3733 546 3820 valent,
570 3731 709 3806 dicebat
734 3734 903 3828 quomodo
931 3719 1103 3828 majores,
1130 3735 1190 3830 qui
1217 3743 1347 3829 praeter

313 3983 322 4024 ¹
341 3989 388 4052 Ep.
401 3989 434 4038 ad
447 3951 568 4049 Quintum
581 3991 707 4051 Fratrem,
724 3992 767 4041 lib.
788 3994 818 4051 ll,
835 4009 873 4060 ep.
889 3994 912 4044 2.

312 4065 324 4101 ²
339 4068 368 4116 ln
378 4067 521 4118 Partitionc
532 4071 593 4118 etin
605 4070 779 4135 Hypophoris.
881 4111 884 4120 i

312 4146 324 4183 ³
341 4148 471 4198 Ciceronis
481 4149 648 4211 partitiones,
661 4141 743 4211 Orat,
754 4167 775 4204 c.
790 4167 880 4204 xxvu.

312 4227 323 4264 Ι
341 4227 443 4277 Scholia
462 4227 613 4288 Bobiensia,
632 4229 652 4288 l,
669 4229 691 4278 l.
